3436 5670
546 448 658 504 COMM.
679 449 718 503 IN
738 450 844 506 VERG.
865 450 947 506 AEN.
968 452 1007 504 IX
1027 458 1141 506 30-52.
1416 455 1482 520 313

292 614 342 677 39.
380 630 525 690 renova
554 631 615 676 rra
637 632 833 681 niscanurs
861 632 1111 681 rannonruunr
1141 617 1304 682 excusatio
1328 618 1482 684 Troiano-

202 742 286 803 rum,
310 742 349 783 ne
373 722 486 803 portas
510 721 666 785 clausisse
689 723 806 786 timore
829 722 1021 787 viderentur.
1100 741 1249 789 orrlnvs
1269 741 1376 790 nunls
1398 727 1481 809 peri·

201 831 254 891 tus
279 850 456 910 armorum,
480 828 545 891 dux
569 829 732 912 egregius,
756 829 811 912 qui
835 832 868 893 et
890 829 1000 893 futura
1022 830 1215 912 provideret.

290 934 343 999 40.
379 951 410 998 sr
434 951 505 1011 Qvn
527 953 681 1000 rnrnunn
704 953 872 1001 roarvua
895 921 1039 1001 nrrssur
1067 937 1190 1003 scilicet
1218 939 1353 1004 bellicus
1377 962 1480 1005 casus.

289 1041 340 1105 42.
380 1067 470 1106 arros
490 1067 665 1108 sraraaaur
685 1068 802 1109 ananau
823 1068 921 1109 ursos
949 1044 984 1108 id
1011 1048 1056 1109 est
1084 1049 1164 1110 tutos
1193 1045 1332 1127 beneficio
1361 1048 1515 1130 apperiat
1590 1101 1592 1106 ,

200 1169 313 1213 mauros.

289 1257 342 1320 43.
379 1273 496 1320 Pvnou
515 1274 645 1333 IRAQVE
665 1273 852 1321 nonsrltnr
875 1256 952 1321 licet
970 1278 1024 1321 eos
1046 1256 1232 1321 hortaretur
1250 1259 1299 1322 ira
1318 1262 1350 1323 et
1367 1259 1479 1343 pudor.

289 1364 340 1427 44.
379 1390 515 1430 carorum
535 1364 630 1428 obices
645 1368 782 1448 ponuat,
804 1365 850 1428 aci
869 1363 1002 1428 obicibus
1020 1365 1180 1448 irradiant,
1203 1371 1232 1429 et
1246 1385 1305 1447 per
1323 1365 1378 1432 boc
1395 1368 1479 1433 cluer-

199 1472 284 1536 duut.
351 1496 519 1536 rucassrur
534 1471 584 1534 bio
598 1470 754 1552 ‘dictauit
773 1472 855 1535 alius
869 1470 1058 1551 discedunt,
1072 1476 1108 1535 ut
1120 1472 1190 1536 iila
1207 1471 1293 1538 irinc
1309 1474 1479 1553 facessat.

288 1577 340 1642 45.
379 1604 525 1644 rraurcrs
541 1600 602 1662 pro
626 1578 671 1643 ‘tn
696 1577 857 1643 turribus'.
1499 1592 1531 1640 10

287 1686 339 1750 46.
376 1703 523 1748 rnnnvn
546 1702 669 1750 Adnnu
697 1685 843 1768 peditum
871 1684 962 1768 dicit,
991 1685 1046 1767 qui
1069 1685 1215 1768 equitum
1238 1689 1478 1772 comparatione

197 1787 282 1856 tardi
306 1795 390 1860 sunt.

286 1900 339 1964 47.
376 1918 458 1964 vuar
483 1899 613 1984 Troiae,
638 1921 735 1984 quam
758 1899 879 1964 fecerat
902 1898 1030 1963 Aeneas
1054 1903 1235 1965 castrorum
1258 1900 1292 1964 in
1315 1924 1446 1966 morem.

286 2008 338 2071 48.
376 2024 525 2072 nnovnrs
542 2024 638 2082 oran
654 2022 829 2071 rnanorvs
844 2022 943 2069 naurs
962 2007 1081 2089 tyara:
1100 2007 1238 2072 macutus
1251 2007 1340 2073 cibus
1357 2008 1477 2074 bobas.

197 2118 224 2177 ct
241 2136 323 2177 nove
344 2114 435 2178 albas
455 2113 599 2177 maculas
619 2112 714 2196 dixit,
734 2133 806 2176 cum
825 2112 955 2196 proprie
974 2114 1173 2177 macularum
1192 2114 1272 2178 haec
1291 2115 1335 2179 sit
1350 2124 1477 2200 natura,
1498 2127 1530 2174 15

198 2224 234 2284 ut
257 2221 452 2285 obscuritate
477 2241 535 2284 sua
559 2221 668 2284 album
693 2218 816 2303 aliquid
839 2217 1010 2282 infuscent.

285 2328 337 2392 49.
375 2344 569 2402 oarsrnuva
600 2344 704 2391 raam
729 2344 845 2390 annua
868 2343 984 2390 avana
1011 2344 1128 2391 avana
1151 2348 1213 2408 pro
1236 2325 1341 2411 ‘polea
1368 2331 1477 2395 cristas

196 2435 308 2498 irridens
331 2432 469 2498 rubras'.
514 2435 567 2498 sed
588 2433 650 2497 duo
676 2433 811 2497 ablativi
835 2436 911 2496 sunt
935 2435 968 2496 et
991 2432 1053 2497 duo
1077 2433 1281 2518 nominativi,
1308 2459 1387 2520 quos
1412 2458 1476 2500 me·

196 2542 279 2604 trica
307 2540 434 2605 ratione
462 2540 688 2623 discernimus3
715 2562 792 2604 nam
816 2538 930 2603 ‘rubra
954 2539 1069 2604 crista'
1093 2540 1211 2624 longae
1235 2545 1312 2605 sunt
1335 2543 1476 2628 ultimae,

197 2649 273 2732 quia
297 2647 430 2711 ablativi
454 2650 530 2711 sunt
554 2669 657 2712 casus,
702 2669 780 2711 sane
802 2648 897 2710 huius
922 2647 1010 2711 modi
1033 2668 1144 2712 versus
1167 2648 1301 2732 pessimi
1325 2653 1409 2715 sunt.
1494 2660 1533 2710 uu·

285 2754 336 2818 51.
371 2780 413 2819 mv
429 2781 482 2820 111
502 2754 622 2836 scipsis
638 2754 847 2835 festinationis
865 2755 1079 2836 exprimendae
1089 2756 1212 2838 pratia:
1230 2757 1381 2838 quidquid
1393 2759 1475 2822 caim

195 2863 352 2927 crididcris
373 2881 480 2926 senatis
502 2863 649 2926 admittet.

285 2969 336 3034 52.
374 2987 581 3034 rarucnrrvu
604 2986 744 3034 rvcuna
775 2968 837 3034 hoc
860 2970 899 3034 de
922 2969 1071 3034 Romana
1095 2969 1311 3034 sollemnitate
1335 2973 1475 3036 tractum

196 3082 253 3142 cst.
301 3099 370 3140 curn
397 3077 482 3140 enim
511 3075 667 3141 volebant
695 3075 815 3140 bellum
843 3076 996 3160 indicere,
1024 3080 1118 3160 pater
1145 3079 1308 3159 patratus,
1338 3076 1400 3142 hoc
1424 3083 1475 3143 est

195 3184 344 3266 princeps
373 3182 547 3260 fetialium,
579 3183 847 3265 proficiscebatur
876 3183 916 3246 ad
943 3182 1086 3247 hostium
1120 3183 1213 3266 fines,
1246 3187 1279 3248 et
1307 3185 1474 3269 praefatus
1493 3194 1527 3242 25

195 3288 353 3372 quaedam
381 3289 565 3367 sollemnia,
595 3289 683 3352 clara
711 3309 789 3352 voce
818 3287 946 3352 dicebat
974 3311 1008 3352 se
1032 3289 1152 3353 bellum
1176 3289 1316 3355 indicere
1339 3295 1474 3376 propter

195 3400 300 3459 certas
324 3416 452 3479 causas,
476 3398 533 3460 aut
556 3394 632 3478 quia
655 3393 762 3458 socios
786 3395 959 3477 laeserant,
984 3397 1040 3458 aut
1063 3395 1140 3480 quia
1162 3416 1222 3460 nec
1245 3396 1382 3481 abrepta
1405 3399 1472 3463 ani-

194 3501 293 3566 malia
315 3524 374 3566 neo
399 3501 555 3567 obnoxios
579 3501 758 3566 redderent.
795 3500 929 3566 ethaeo
953 3501 1125 3587 clarigatio
1149 3501 1316 3567 dicebatur
1339 3527 1358 3568 a
1382 3506 1472 3569 clari·

194 3613 264 3674 tate
292 3609 390 3674 vocis,
434 3612 511 3692 post
539 3632 636 3693 quam
664 3607 910 3693 clarigationem
939 3608 1036 3672 hasta
1063 3609 1097 3672 in
1125 3631 1234 3673 eorum
1263 3610 1344 3675 fines
1373 3613 1473 3678 missa

193 3717 398 3781 indicabatur
421 3715 487 3780 iam
508 3736 637 3801 pugnae
655 3715 858 3799 principium.
888 3719 962 3798 post
979 3716 1102 3780 tertium
1120 3722 1223 3781 octeni
1241 3723 1270 3782 ct
1287 3719 1472 3784 tricesimum
1491 3730 1525 3776 30

194 3827 216 3831 ’
229 3827 284 3910 ’1
296 3825 445 3927 drap—rer.
464 3855 576 3910 Phorm.
595 3856 634 3910 lv
653 3861 678 3924 a,
698 3861 739 3909 ao.
770 3855 803 3910 of.
824 3853 899 3909 Serv.
919 3855 955 3907 eu
974 3856 1042 3911 Aen.
1062 3855 1100 3909 lv
1119 3861 1171 3910 aas

266 3986 280 4032 1
300 3998 451 4033 nasoannus
470 3980 497 4032 L
524 4000 692 4034 nascaunaus
712 3981 746 4033 H
755 3983 765 4049 44
783 3986 799 4033 2
818 3979 968 4034 uideantur
986 3980 1020 4032 H
1030 3981 1039 4050 44
1057 3985 1074 4032 4
1093 3981 1172 4034 schol.
1193 3980 1230 4034 ad
1248 3997 1272 4034 v.
1292 3987 1327 4034 40
1346 3998 1395 4037 cm.
1416 3983 1447 4034 F
1462 3983 1471 4053 44

194 4051 303 4105 scilicet
323 4051 351 4104 et
369 4049 487 4104 bellicus
506 4069 586 4106 casus
604 4051 662 4108 AS
674 4054 682 4123 44
704 4058 719 4105 ὃ
739 4054 776 4106 ad
793 4069 874 4106 arros
894 4071 915 4104 s.
934 4069 959 4106 1.
978 4069 1006 4103 or.
1025 4068 1100 4119 supr.
1120 4067 1186 4106 ocra.
1205 4051 1340 4105 beneficio
1359 4053 1470 4122 aggeris

194 4123 338 4177 seruarent
356 4121 433 4176 tutos
452 4139 545 4176 muros
565 4123 611 4194 ’144
624 4142 696 4177 noca
716 4123 765 4191 Gt
779 4139 895 4192 aggeres
914 4121 944 4175 F
956 4123 965 4192 44
980 4128 995 4175 6
1014 4139 1108 4176 muros
1127 4138 1177 4175 om.
1192 4121 1218 4175 G
1232 4123 1270 4191 448
1290 4124 1327 4176 cd
1346 4142 1469 4178 ourorvrrr

192 4211 267 4262 supr.
287 4210 352 4247 vers.
373 4193 466 4246 obices
489 4196 597 4262 ponunt
620 4193 667 4248 vel
690 4193 816 4248 obicibus
839 4193 968 4246 muniunt
992 4198 1017 4247 et
1035 4195 1070 4246 ab
1089 4194 1147 4247 clio
1165 4209 1250 4246 mauu
1269 4191 1404 4247 claudunt
1421 4194 1469 4248 ob·

193 4268 305 4318 struunt
321 4265 368 4333 144
382 4263 528 4334 claudunt]
548 4264 649 4318 ludunt
663 4264 693 4316 F
705 4265 744 4332 449
764 4266 801 4319 ad
820 4281 968 4317 racussvur
987 4280 1062 4330 supr.
1077 4280 1144 4316 cers.
1163 4262 1271 4315 iaciunt
1287 4263 1408 4333 implent
1424 4265 1470 4336 144

195 4342 227 4388 ll
246 4339 283 4389 od
301 4354 415 4389 uraovms
434 4357 458 4396 o.
479 4357 501 4388 u.
520 4353 545 4391 a,
565 4352 640 4403 supr.
659 4351 725 4389 cors.
746 4335 775 4388 id
794 4336 838 4388 est
855 4333 980 4389 maculas
999 4335 1077 4386 albas
1096 4333 1201 4387 habens
1224 4333 1249 4385 Τ
1259 4336 1268 4404 44
1282 4335 1370 4403 figura
1390 4338 1469 4405 (figu-

192 4424 236 4459 ras
255 4407 369 4474 Duuiel)
389 4405 507 4460 maculis
527 4405 606 4460 albas
625 4406 730 4459 habens
750 4405 787 4471 F,
805 4407 912 4459 correxi
934 4409 943 4473 44
972 4410 1003 4458 15
1023 4404 1076 4458 hoc
1096 4403 1133 4458 sit
1151 4404 1324 4458 macularum
1343 4406 1371 4459 11
1399 4409 1468 4461 haec

192 4477 228 4531 sit
247 4479 419 4530 macularum
439 4477 465 4530 L
483 4479 491 4548 44
515 4477 627 4546 natura]
647 4493 696 4530 one.
717 4476 869 4543 1111411111.
891 4478 919 4545 l),
939 4475 1111 4528 macularum
1130 4476 1164 4527 H
1183 4476 1192 4545 44
1218 4481 1249 4529 17
1269 4477 1306 4530 cd
1324 4495 1468 4539 caismovn

192 4570 216 4601 a.
232 4568 256 4601 c.
273 4547 298 4600 a'.
313 4568 336 4601 a.
356 4566 432 4617 supr.
452 4565 519 4602 cers.
539 4549 612 4617 tegit
630 4547 710 4602 illum
731 4546 813 4617 galea
833 4545 944 4600 oristras
958 4546 1077 4599 -rubreas
1096 4548 1156 4616 (sic)
1175 4546 1281 4600 liabens
1304 4547 1348 4616 144
1373 4554 1404 4601 18
1424 4567 1468 4602 ru-

192 4619 260 4671 bans
279 4619 309 4671 F
327 4622 337 4687 44
362 4626 394 4673 19
414 4619 499 4673 crista
517 4619 601 4673 rubra
619 4619 647 4673 R
670 4621 679 4689 44
702 4625 735 4672 11
756 4620 793 4673 ad
812 4637 845 4670 an
862 4634 887 4670 1.
907 4634 981 4684 supr.
1001 4634 1068 4672 ocra.
1088 4618 1200 4686 eclipsis
1220 4620 1263 4672 est
1280 4618 1467 4673 festinationis

193 4689 388 4758 exprimendae
407 4690 499 4759 gratia
517 4690 704 4762 1111114428
723 4688 903 4744 reddiderant
921 4687 1076 4758 Stephanus
1090 4691 1199 4757 princes
1212 4690 1252 4760 4411
1272 4689 1401 4744 claritate
1422 4707 1467 4745 vo-

192 4760 232 4815 cis
251 4777 301 4814 om.
321 4761 348 4814 11
370 4764 379 4831 t
406 4769 440 4815 30
459 4761 628 4832 principium
645 4778 764 4832 pugnae.
802 4760 884 4814 hasta
901 4758 931 4812 in
949 4759 1072 4815 hostium
1098 4761 1166 4815 finos
1189 4761 1276 4814 missa
1293 4761 1469 4816 indicabatur

192 4831 359 4901 principium
388 4850 498 4901 pugnae
525 4837 589 4902 post
616 4834 731 4888 tertium
760 4834 854 4886 autem
877 4832 907 4886 et
928 4830 1100 4886 tricesimum
1127 4830 1202 4886 diem
1221 4875 1227 4889 .
1244 4874 1251 4888 .
1267 4874 1273 4887 .
1292 4834 1467 4903 primamque

193 4904 309 4959 deoruni
327 4903 457 4957 tellurem
475 4905 536 4960 bob.
554 4905 579 4958 Τ
596 4907 605 4975 t
625 4904 792 4959 tricisimum
811 4902 841 4956 F
858 4903 939 4973 (corr.
957 4919 1030 4959 marr.
1049 4904 1112 4971 rec.)
