3436 5580
550 479 663 535 COMM.
683 482 722 535 IN
742 479 849 535 VERG.
868 480 952 534 AEN.
972 481 1010 534 IX
1030 487 1125 536 3-11.
1407 480 1472 545 309

194 644 337 706 introiret
363 644 470 708 mcum.
516 664 591 708 uam
613 649 642 709 el
663 645 733 726 ursa
759 645 888 709 consilia
911 665 932 707 a
953 645 1080 709 sedendo
1107 645 1198 726 quusi
1227 645 1365 708 considio
1392 645 1473 709 dioto

194 754 283 826 sunt;
305 752 474 815 sedentium
496 753 578 815 cuim
600 752 701 814 animi
724 752 953 832 tranquilliores
974 752 1063 833 dunt.

284 857 312 921 5.
349 874 597 922 THAVMANTIAS
617 858 790 922 secundum
808 858 969 941 poeticam
989 857 1201 922 Thaumantis
1222 859 1297 922 filia.
1331 862 1472 923 ceterum

194 985 232 1027 ex
250 965 465 1030 admiratione
483 966 545 1029 hoc
564 986 683 1029 nomen
702 965 839 1047 accepit,
864 987 945 1048 quae
969 964 1142 1028 admiratio
1163 964 1202 1029 de
1221 965 1288 1029 eius
1308 964 1471 1030 coloribus

160 1084 166 1096 '
193 1070 345 1135 nascitur.
1491 1086 1507 1133 5

285 1178 313 1241 6.
350 1196 464 1243 mvvn
487 1176 714 1243 Pucnlrrnitn
738 1195 835 1242 unna
864 1175 992 1242 ‘nemo'
1020 1199 1079 1260 pro
1105 1176 1246 1243 ‘nullus’
1276 1180 1394 1262 posuit.
1441 1183 1473 1243 ct

195 1289 245 1349 est
268 1285 470 1371 acyrologia:
492 1308 569 1349 nam
594 1285 718 1350 ‘divum
741 1284 852 1350 nemo'
877 1307 943 1350 non
966 1308 1137 1370 possumus
1162 1285 1281 1370 dicere,
1304 1308 1376 1350 cnm
1399 1308 1472 1371 pro·

194 1392 264 1475 prie
288 1391 414 1457 ‘nemo'
440 1393 483 1456 sit
507 1392 562 1457 ‘nc
584 1391 709 1458 homo'.

285 1500 313 1562 7.
349 1516 516 1564 Avnanar
549 1499 643 1564 docet
674 1522 733 1582 per
764 1501 937 1565 transitum
968 1500 1072 1564 multa
1100 1499 1262 1563 interdum
1290 1504 1472 1584 temporum

194 1605 321 1670 ratione
344 1607 528 1690 provenire,
551 1628 633 1690 quae
657 1606 791 1670 numina
813 1611 980 1689 praestare
1002 1629 1068 1670 non
1092 1610 1242 1690 possunt:
1267 1607 1352 1692 quod
1374 1608 1472 1672 etiam
1493 1620 1526 1668 10

194 1712 291 1794 paulo
314 1717 391 1796 post
414 1713 449 1777 in
471 1714 584 1778 matris
612 1713 706 1777 deum
734 1713 894 1796 petitione
917 1712 1063 1797 Iuppiter
1090 1712 1223 1796 probat,
1253 1713 1361 1778 dicens
1386 1715 1473 1799 <96>

194 1819 253 1882 cui
277 1822 386 1884 tanta
411 1820 479 1885 deo
503 1819 694 1904 permissa
717 1823 905 1903 potestas.
980 1837 1172 1884 vonvaunn
1195 1841 1254 1902 pro
1279 1819 1473 1886 ‘volubilis'.

283 1927 312 1991 8.
349 1951 465 1991 rannus
496 1951 572 1991 rnna
597 1953 637 1992 rr
662 1952 752 1992 soorrs
777 1927 817 1990 al)
844 1927 1006 1991 occasione.
1052 1931 1081 1990 cl
1102 1927 1232 1990 ostendit
1255 1929 1331 2008 quid
1351 1928 1402 1992 illi
1423 1949 1472 1993 ea·

188 2035 394 2115 pupuaudum
411 2034 465 2110 sit,
483 2032 558 2114 quia
576 2036 659 2095 earet
675 2031 838 2112 elefeusore.
912 2057 987 2098 rear
1005 2033 1079 2097 urbs
1097 2032 1171 2109 isla
1189 2053 1267 2114 quae
1284 2037 1329 2096 est
1345 2035 1474 2114 †tntam

195 2138 384 2223 <v11157>
403 2141 480 2222 ipse
497 2139 633 2204 humili
651 2140 822 2221 desipnot
840 2140 984 2203 moenia
1000 2139 1111 2220 fosso.
1142 2138 1222 2202 lanc
1239 2144 1375 2204 castrum
1389 2141 1473 2206 Lau·
1494 2153 1527 2201 11

194 2267 264 2310 rms
286 2248 333 2310 ait
354 2247 416 2310 dici
444 2246 557 2330 Varro,
585 2248 731 2328 oppidum
761 2251 845 2311 tacet.
890 2247 944 2311 sed
963 2247 1016 2311 ubi
1033 2247 1176 2328 primum
1198 2246 1319 2310 Aeneas
1341 2268 1475 2330 eprmsus

194 2354 247 2431 sit,
271 2374 339 2418 erim
363 2355 460 2418 lomim
486 2353 614 2418 Troiam
636 2354 813 2436 nunaipari
837 2355 980 2418 traditur.

284 2461 312 2526 9.
350 2487 490 2526 11111111
505 2462 656 2542 prolepsis
679 2465 730 2526 ast.

286 2568 335 2631 10.
371 2584 439 2631 unc
463 2584 559 2631 sarrs
591 2567 665 2650 quia
694 2568 883 2633 occurrebat
910 2567 951 2630 ab
975 2566 1129 2632 Euandro
1158 2590 1230 2632 eum
1257 2568 1354 2634 facile
1377 2591 1473 2653 posse

194 2695 345 2737 remeare.
423 2690 577 2737 coerrat
600 2691 823 2739 rarnrnnvrr
846 2679 882 2737 ut
903 2678 998 2737 totum
1022 2674 1082 2754 [in]
1106 2673 1274 2739 Etruriam
1290 2696 1474 2759 peraprasso
1492 2688 1526 2737 ao

194 2780 340 2844 uideatur.
379 2777 504 2862 Corptli
526 2784 628 2844 urium
651 2781 772 2845 montis
792 2779 941 2863 Tusciae,
964 2780 1035 2863 qui,
1058 2783 1095 2843 ut
1119 2780 1256 2846 diximus
1277 2781 1362 2866 <VH
1378 2783 1473 2867 209>‚

194 2908 310 2951 nomen
335 2887 459 2971 accepit
481 2909 500 2950 a
519 2884 663 2971 Corytho
686 2908 777 2973 rege,
796 2900 874 2950 ‘cum
897 2886 987 2950 cuius
1007 2908 1106 2950 uxore
1125 2889 1300 2954 concubuit
1318 2889 1474 2973 Iuppiter,

194 2994 278 3057 unde
301 2998 398 3058 natus
418 2997 468 3058 est
487 2993 666 3057 Dardanus.
704 2991 899 3074 puulruuit'
918 2997 1020 3057 orclem
1039 2993 1123 3077 bene,
1146 2997 1221 3077 quia
1238 3016 1336 3078 supra
1354 2996 1475 3061 diderat

195 3099 351 3181 ‘peniteret

268 3352 280 3399 1
301 3363 366 3400 nam
386 3389 413 3401 ..
432 3391 437 3402 .
458 3346 630 3417 dictasunt]
651 3347 684 3400 cf.
705 3346 769 3403 Isid.
789 3345 1040 3417 or.V116,12l3
1060 3367 1244 3403 rasvurrrrss
1265 3388 1315 3403 ...
1334 3349 1473 3421 nascitur]

195 3434 280 3472 exscr.
300 3418 440 3487 mythogr.
459 3418 520 3472 sse
545 3420 573 3472 et
597 3419 676 3472 Luct.
696 3417 769 3472 Plac.
788 3417 807 3471 l.
826 3418 844 3470 l.
873 3420 883 3488 11
911 3424 926 3472 5
950 3436 1031 3473 nemo
1052 3461 1058 3473 .
1079 3462 1084 3474 .
1106 3462 1111 3472 .
1131 3436 1165 3475 ne
1188 3420 1284 3490 homo]
1312 3419 1346 3476 cf.
1366 3419 1471 3476 Charis.

195 3507 222 3556 p.
243 3495 285 3557 96,
307 3494 340 3542 15
358 3489 391 3541 K.
412 3491 440 3542 et
458 3489 521 3543 lsid.
542 3506 579 3542 or.
599 3490 624 3543 X
645 3494 696 3542 184

268 3728 279 3773 1
302 3721 441 3791 considis]
462 3722 579 3777 consilia
596 3721 627 3774 F
643 3724 652 3787 11
676 3728 691 3774 2
711 3721 798 3775 animi
816 3738 865 3775 om.
887 3722 912 3775 (ι’
932 3724 941 3791 11
964 3722 1161 3790 tranquiliores
1182 3721 1218 3777 F.
1247 3739 1281 3777 eu
1299 3724 1387 3778 cerlis
1405 3741 1474 3794 puae

194 3798 260 3846 sunt
280 3793 353 3845 unde
373 3794 402 3846 et
419 3793 466 3846 hic
539 3792 748 3860 tranquilliores
768 3793 838 3845 fiunt
855 3810 915 3847 cum
934 3795 982 3861 aui
995 3794 1147 3861 pleniorem
1165 3795 1387 3849 comnunturium
1405 3811 1472 3850 com-

189 3865 285 3930 posuit
298 3865 370 3917 uiliil
380 3866 414 3917 ul
425 3866 584 3919 auctoribus
597 3866 655 3917 suis
669 3868 801 3933 accepisse
810 3869 880 3932 puto
890 3865 946 3917 uisi
959 3865 1024 3918 liaeo
1039 3865 1085 3919 hio
1099 3863 1179 3919 lucus
1190 3907 1195 3919 .
1208 3907 1214 3920 .
1226 3905 1232 3918 .
1244 3866 1322 3920 curia
1335 3867 1472 3934 templum

193 3940 218 3988 n
237 3935 304 4003 quia
323 3935 352 3988 in
371 3935 441 3988 locis
461 3935 548 3990 sacms
567 3935 696 3989 sedentes
715 3935 833 3989 consilia
851 3935 954 3989 habere
980 3935 1122 3990 solebant:
1145 3953 1211 3990 nam
1231 3937 1338 4006 etipsa
1358 3937 1474 3992 consilia

193 4005 474 4074 ..tranquilliores
498 4007 581 4060 fiunt:
608 4007 660 4060 illa
683 4007 720 4060 ad
738 4024 804 4060 nvco
824 4012 857 4072 (o.
877 4008 918 4075 3),
941 4006 1006 4061 laec
1030 4008 1068 4061 ud
1091 4025 1209 4062 11111111
1232 4026 1317 4062 vunan
1342 4027 1472 4062 sensuras

193 4078 226 4143 (o.
248 4078 275 4143 4)
300 4078 441 4144 adscripto
470 4078 555 4142 fuisse
585 4079 720 4133 uidentur.
757 4078 865 4145 reliqua
892 4080 950 4145 ipsc
971 4093 985 4131 e
1007 4077 1151 4133 Seruianis
1176 4080 1214 4133 ad
1236 4078 1288 4133 Vll
1309 4084 1358 4132 153
1377 4084 1402 4133 et
1422 4084 1472 4134 174

193 4149 303 4201 scholiis
321 4150 431 4202 addidit
447 4178 452 4188 ·
467 4150 593 4218 sinpuloe
610 4149 707 4203 scliolii
724 4150 871 4203 sententiae
889 4164 972 4216 quam
990 4164 1046 4203 non
1064 4151 1121 4203 siut
1139 4155 1202 4218 apte
1219 4151 1291 4204 iuter
1309 4167 1336 4204 se
1355 4166 1472 4204 conexae

192 4236 268 4273 nenio
286 4221 465 4290 nmaidein
487 4225 502 4273 3
522 4223 635 4289 poetam
655 4219 683 4273 R
711 4220 824 4288 poetica
842 4219 997 4288 Stephanus
1011 4222 1019 4290 11
1039 4225 1056 4272 4
1074 4220 1158 4290 quae]
1178 4220 1245 4288 quia
1262 4220 1445 4276 Burmannus
1463 4222 1473 4293 11

194 4297 209 4342 5
228 4290 364 4361 nascitur]
385 4295 414 4345 et
432 4292 535 4345 Graece
554 4292 656 4360 θαῦμα
676 4290 778 4345 dicitur
797 4291 858 4345 add.
875 4290 1027 4346 Fabricius
1040 4293 1079 4361 118
1098 4307 1134 4346 ne
1153 4293 1237 4345 homo
1256 4291 1297 4345 F:
1316 4309 1368 4346 nee
1385 4294 1470 4346 homo

193 4363 293 4430 reliqui
306 4364 315 4431 11
337 4368 370 4415 10
389 4361 534 4430 peruenire
553 4362 580 4414 L
600 4365 678 4432 (corr.
698 4363 717 4430 l)
731 4364 741 4431 11
755 4378 827 4430 quas
847 4405 852 4416 .
869 4403 875 4416 .
892 4406 897 4416 .
917 4362 1043 4432 possunt]
1064 4378 1135 4430 quae
1156 4379 1309 4431 numquam
1328 4366 1471 4431 praestare

192 4436 309 4499 possunt
328 4433 363 4485 H
372 4435 381 4503 11
395 4434 538 4501 praestare
557 4450 613 4486 non
631 4435 749 4502 possunt
767 4449 817 4486 om.
833 4433 860 4485 L
880 4433 1061 4502 (1111111111
1082 4433 1223 4502 improbat
1241 4433 1292 4504 Rp
1307 4440 1340 4488 13
1360 4436 1397 4488 ad
1414 4451 1438 4488 u.
1454 4440 1470 4488 8

192 4505 224 4554 in
241 4521 326 4574 marp.
347 4503 407 4573 agit
425 4504 461 4558 ab
480 4505 625 4559 occasione
648 4505 672 4556 Τ
697 4507 707 4572 11
735 4509 769 4556 14
792 4507 926 4571 quaeest
948 4503 1052 4574 tutam]
1079 4520 1151 4571 quac
1174 4507 1217 4559 est
1240 4504 1317 4558 dicta
1337 4505 1421 4560 Troia
1439 4506 1472 4558 ut

193 4573 381 4629 Burmannus.
410 4577 474 4641 sort.
499 4592 569 4643 quac
595 4578 637 4630 est
660 4574 826 4629 tutamentis
850 4576 885 4628 ab
909 4576 1004 4628 Aenea
1026 4575 1137 4629 firmata
1159 4577 1200 4629 rel
1224 4578 1333 4644 saepta,
1360 4579 1392 4630 nt
1409 4577 1470 4646 ipse

192 4661 212 4697 c.
229 4662 252 4712 q.
268 4662 288 4697 s.
309 4646 374 4699 urbs
393 4647 461 4714 ista,
480 4649 546 4714 quia
565 4649 607 4701 est
625 4650 700 4711 tuta,
719 4650 751 4700 ut
769 4645 805 4698 F.
817 4645 966 4699 Sclroellius
979 4645 989 4713 11
1010 4650 1043 4698 15
1061 4646 1174 4700 castrim
1189 4646 1219 4698 F
1230 4649 1239 4716 11
1262 4652 1294 4701 17
1308 4647 1428 4702 traditur
1442 4646 1473 4700 F

192 4714 330 4769 traditus*
345 4718 448 4771 Daniel
475 4718 562 4771 tradit
578 4718 733 4772 lllusaicius
746 4719 756 4788 11
773 4724 804 4771 18
823 4714 991 4785 prolempsis
1006 4716 1036 4769 F
1054 4716 1201 4785 prolemsis
1217 4719 1243 4771 (t
1256 4720 1265 4788 11
1279 4724 1314 4772 20
1332 4720 1469 4790 remeare]

193 4788 229 4840 ad
248 4787 350 4842 troiam
370 4789 477 4843 scilicet
495 4806 580 4857 quam
599 4787 705 4843 fecerat
722 4788 751 4842 in
771 4804 877 4842 morem
896 4790 1050 4841 castrorum
1070 4789 1102 4842 iu
1119 4805 1204 4857 marp.
1226 4790 1289 4843 add.
1309 4791 1342 4859 11
1362 4791 1392 4844 in
1409 4791 1469 4845 secl.

192 4858 303 4912 Daniel.
333 4861 422 4913 totam
441 4860 489 4914 ille
508 4861 650 4914 Etruriam
669 4861 704 4913 F.
720 4860 869 4915 Sclioellius
882 4861 892 4927 11
910 4864 943 4912 21
965 4860 1024 4930 qui]
1045 4860 1111 4927 quia
1130 4858 1160 4912 F
1172 4861 1180 4930 11
1199 4866 1232 4914 23
1252 4862 1289 4915 ud
1306 4880 1469 4916 1111111111

192 4947 266 4998 supr.
287 4946 353 4983 cers.
373 4930 444 4984 bene
463 4930 532 4985 dicit
550 4931 711 5000 penetravit
728 4931 795 5000 qnia
814 4946 898 5000 supra
916 4928 1026 4985 dixerat
1043 4931 1154 4999 penitus
1174 4930 1284 4986 diversa
1302 4935 1382 5001 parte
1403 4932 1429 4985 Τ

1201 5020 1256 5074 21*
