3436 5670
250 653 316 715 308
832 653 952 708 sanvss

338 817 368 879 3.
408 832 575 881 Avonaan
598 834 646 880 ΑΙ)
670 834 814 881 rvanvn
842 816 961 882 fortem
990 817 1058 880 sine
1080 816 1250 900 felicitate,
1281 817 1365 881 sicut
1393 817 1431 880 de
1456 816 1528 881 Pal-

249 923 336 987 lante
360 923 497 987 diximus
522 923 625 1007 <VIII
646 922 739 1006 110>
777 928 806 987 et
827 924 915 988 mode
937 924 1087 988 andaciae
1110 923 1180 987 laas
1203 927 1367 1005 oportuna,
1390 924 1465 1004 qaia
1487 925 1530 988 ed

248 1030 425 1094 andendam
446 1029 656 1095 ealortandas
677 1035 728 1095 est.

337 1138 367 1202 4.
400 1155 574 1202 Pananrls
593 1156 739 1202 Plnvnnl
758 1136 927 1202 Pilumnus
947 1140 979 1201 et
996 1136 1167 1201 Pitumnus
1188 1136 1306 1201 fratres
1325 1136 1456 1201 fuerunt
1475 1136 1528 1201 dii.

213 1255 228 1301 5
248 1243 363 1308 horum
382 1244 553 1309 Pitumnus
577 1268 672 1310 usum
696 1245 976 1311 stercorandorum
1000 1244 1125 1310 invenit
1148 1263 1300 1328 agrorum
1325 1280 1361 1289 —
1388 1244 1470 1308 unde
1495 1249 1527 1308 θὴ

248 1349 461 1416 Sterculinius
493 1351 597 1417 dictus
626 1356 676 1417 est
699 1390 740 1399 -—
765 1352 933 1416 Pilumnus
960 1374 1037 1417 vero
1065 1350 1213 1436 pinsendi
1240 1350 1411 1415 frumenti:
1444 1351 1527 1415 unde

247 1460 279 1521 et
302 1483 321 1523 a
345 1459 521 1544 pistoribus
546 1459 623 1524 deus
647 1461 771 1525 colitur.
814 1460 855 1524 ab
880 1460 951 1543 ipso
976 1463 1009 1524 et
1032 1459 1136 1542 pilum
1160 1457 1281 1521 dictum
1305 1462 1363 1522 est.
1399 1459 1527 1539 aniciam

246 1563 428 1628 Pilaranam
455 1569 484 1628 et
511 1564 695 1630 Pitanrnam
724 1564 881 1630 Castorem
908 1570 937 1628 et
964 1564 1121 1628 Pellaeem
1149 1566 1320 1647 accipiant:
1352 1586 1415 1630 non
1446 1567 1528 1630 nalli
1613 1580 1615 1587 '

246 1671 374 1736 landam
402 1673 488 1736 deos:
528 1672 627 1737 Varro
658 1673 831 1755 coniapales
858 1673 927 1737 deos
953 1672 1137 1754 suspicatur.
1228 1688 1384 1736 sacrare
1412 1690 1527 1737 venna

194 1788 226 1834 10
246 1778 317 1842 ideo
343 1777 510 1864 ‘sacrata',
539 1780 627 1864 quia,
656 1782 693 1843 ut
716 1779 854 1842 diximus
879 1777 1042 1861 <1441>,
1069 1800 1246 1862 numquam
1270 1782 1321 1842 est
1343 1780 1433 1842 lucus
1459 1779 1527 1842 sinc

244 1884 410 1968 religione.
501 1903 660 1950 sennaar
686 1889 721 1949 ut
745 1883 850 1966 Asper
873 1884 951 1947 dicit
974 1882 1086 1966 ‘erat',
1116 1884 1369 1967 quae·elausula
1393 1885 1526 1968 antiqua

178 1980 182 1991 ’
246 1996 296 2055 est
320 1995 352 2055 et
376 1991 414 2055 de
438 2014 498 2055 usu
521 1996 654 2056 remota.
702 1991 877 2055 secundum
901 1989 1052 2055 Plautum
1081 1996 1183 2055 anam
1207 1989 1349 2054 ‘sedere'
1374 1995 1424 2054 est
1451 2012 1526 2054 con·

245 2098 354 2160 silium
377 2119 504 2182 capere,
528 2099 583 2182 qui
607 2098 732 2162 inducit
750 2099 785 2162 in
803 2098 1001 2162 Mostellaria
1021 2097 1072 2182 <V
1089 2100 1118 2181 l,
1132 2097 1198 2180 54>
1219 2119 1345 2163 serrum
1365 2097 1525 2162 dicentem

245 2206 326 2269 sine
350 2206 458 2270 iuxta
481 2228 583 2269 aram
609 2205 773 2289 sedeam,
802 2210 838 2268 et
867 2205 963 2270 dabo
988 2206 1152 2270 meliora
1175 2204 1351 2270 consilia.
1398 2205 1455 2268 sed
1478 2226 1525 2269 se-

192 2321 224 2368 15
244 2312 382 2376 cundum
398 2332 536 2396 augures
551 2311 684 2376 ‘sedere'
704 2318 754 2376 est
773 2313 942 2396 augurium
959 2317 1103 2396 captare3
1122 2334 1263 2396 namque
1282 2316 1357 2396 post
1376 2311 1525 2396 designa-

244 2422 296 2482 tas
320 2418 400 2482 caeli
422 2422 532 2502 partes
552 2442 571 2482 a
591 2419 777 2484 sedentibus
797 2423 972 2504 captantur
996 2419 1144 2503 auguria:
1169 2419 1253 2503 quod
1278 2422 1310 2483 et
1335 2441 1433 2502 supra
1456 2419 1525 2501 ipse

244 2525 387 2589 ostendit
414 2525 569 2608 latenter,
599 2524 752 2591 inducens
783 2526 894 2591 Picum
923 2527 1028 2592 solum
1058 2525 1234 2609 sedentem,
1264 2529 1302 2590 ut
1328 2524 1524 2608 <V11187>

243 2654 439 2716 parvaque
463 2633 623 2698 sedebat
647 2633 867 2698 succinctus
891 2633 1041 2717 trabea,
1072 2632 1157 2716 quod
1181 2635 1231 2696 est
1254 2654 1427 2719 augurum,
1451 2654 1523 2696 eum

244 2739 326 2802 alios
351 2743 475 2803 stantes
499 2738 669 2804 induxerit.
702 2760 780 2823 ergo
800 2739 957 2805 ‘sedebat'
978 2743 1035 2804 aut
1055 2743 1126 2804 erat
1145 2741 1202 2803 aut
1220 2740 1356 2805 consilia
1375 2738 1526 2822 capiebat

190 2856 224 2903 ro
244 2849 300 2910 aut
328 2847 557 2930 augurabatur.
602 2847 683 2911 ande
710 2851 738 2909 et
760 2846 809 2910 llic
833 2848 918 2911 trecas
945 2848 1007 2910 eice
1034 2847 1119 2910 aedis
1145 2851 1285 2910 sacratae
1307 2847 1406 2929 accipi
1427 2845 1524 2910 debet:

242 2954 323 3033 qaod
333 2953 459 3035 planias
478 2954 530 3017 illo
550 2953 611 3016 loco
629 2953 744 3016 dietam
762 2956 806 3015 est
824 2951 1012 3034 <V11174>
1030 2952 1094 3016 loc
1112 2952 1196 3016 illis
1214 2953 1319 3016 caria
1344 2952 1524 3033 templam.

242 3064 299 3122 ant
319 3060 395 3140 qaia
417 3059 452 3122 in
475 3059 548 3122 locis
571 3059 669 3122 sacris
690 3059 824 3122 sedentes
847 3055 930 3143 (aar)
954 3058 1083 3122 consilia
1110 3058 1248 3122 habitari
1274 3063 1376 3142 erant,
1403 3060 1524 3122 cariam

242 3167 275 3230 in
304 3167 413 3248 templo
440 3165 599 3230 taberent:
631 3166 713 3247 qaod
739 3165 846 3228 Nnma
878 3185 947 3228 cam
974 3166 1076 3247 sciret,
1110 3164 1215 3230 Vestae
1245 3165 1428 3248 aediculam,
1460 3185 1523 3230 non

243 3272 388 3354 temptam
419 3273 540 3356 stataet,
572 3293 611 3336 ne
639 3272 684 3336 iti
714 3277 838 3337 senatos
869 3271 975 3336 laeteri
996 3277 1100 3355 posset
1125 3276 1155 3337 et
1180 3273 1249 3354 ipsa
1276 3273 1448 3338 necessitate
1474 3274 1524 3337 air

300 3481 494 3608 2itrvll'lilrlrmpus
513 3484 542 3537 et
560 3482 707 3537 Pitumnus
727 3524 732 3535 .
750 3523 777 3537 ..
797 3482 904 3538 dictum
923 3483 979 3554 est]
998 3499 1084 3538 exscr.
1104 3483 1241 3554 mythogr.
1261 3482 1288 3536 11
1308 3488 1366 3538 183.
1401 3483 1435 3539 cf.
1455 3484 1520 3538 lsid.

243 3570 281 3607 or.
415 3594 422 3620 ,

316 3755 329 3802 1
350 3747 397 3819 de]
418 3750 447 3802 θὴ
460 3747 491 3800 F
501 3751 511 3816 ΙΙ
525 3749 562 3802 ad
580 3764 604 3802 a.
620 3754 636 3801 3
655 3748 686 3801 in
701 3765 787 3818 marp.
807 3748 945 3816 oportuna
964 3750 1007 3801 est
1024 3749 1078 3802 hoc
1095 3750 1158 3802 loco
1177 3749 1238 3802 laus
1259 3748 1394 3802 audaciae
1413 3765 1466 3815 quc
1486 3750 1522 3802 ad

245 3820 403 3873 audendum
424 3820 586 3873 exhortatur
607 3818 652 3888 ΤΙΙ
672 3825 688 3872 2
709 3818 856 3889 audaciae]
875 3820 925 3870 aut
942 3817 1012 3871 latio
1031 3819 1062 3871 F
1073 3821 1082 3888 l
1106 3826 1121 3872 3
1141 3818 1311 3871 audiendum
1330 3817 1361 3870 F
1371 3819 1381 3886 ΙΙ
1395 3820 1521 3872 exortan-

243 3891 294 3943 dus
314 3890 340 3944 G
352 3891 363 3958 ΙΙ
385 3896 547 3944 erramus
568 3930 618 3945 ...
639 3889 743 3943 dictum
765 3892 808 3944 est
826 3906 876 3944 om.
898 3887 930 3941 F
940 3891 950 3955 ll
972 3888 1114 3957 pitumnus
1134 3888 1273 3941 RLHM
1297 3888 1440 3942 bitumnus
1458 3889 1520 3943 AS.

244 3963 278 4014 ab
304 3962 370 4014 aliis
392 3962 571 4030 saeptoribns
594 3960 743 4016 Picumnus
766 3965 887 4013 cecatur.
921 3960 955 4024 ef.
976 3958 1079 4013 Preller
1098 3958 1190 4013 Raenr.
1211 3959 1329 4027 Mptlml.
1349 3959 1419 4028 1⁸10.
1439 3965 1490 4013 376
1514 3961 1522 4032 ll

243 4032 356 4086 fuerunt
374 4035 402 4085 θὴ
421 4031 462 4085 dii
481 4033 637 4086 Maseieias
659 4034 668 4102 ΙΙ
696 4031 874 4084 tbitumnus
894 4029 938 4083 Sa
970 4030 1095 4098 piturum
1114 4030 1149 4082 Η
1167 4033 1177 4098 Ι]
1204 4035 1219 4082 0
1240 4029 1416 4084 sterculinius
1434 4031 1522 4084 ASL

244 4102 435 4172 sterquilinius
448 4103 520 4155 ΕΜ
541 4103 729 4157 stericulinius
744 4103 777 4155 II
787 4103 797 4169 ΙΙ
811 4101 955 4155 Pilumnus
971 4142 1013 4155 ...
1029 4101 1194 4155 dictumest
1211 4107 1273 4168 post
1291 4102 1401 4155 sacrata
1419 4102 1480 4155 aar.
1491 4102 1526 4154 H

243 4174 251 4227 l'
270 4174 410 4242 pensende
426 4174 519 4226 ΑΒΗ
535 4174 680 4242 (pensandi
700 4192 717 4226 a
744 4172 873 4241 pinsendi
890 4173 913 4240 s)
942 4171 1077 4240 pensendi
1096 4173 1122 4223 L
1134 4174 1174 4241 1Ιῖ
1194 4172 1308 4238 quidam
1328 4215 1334 4226 .
1351 4215 1356 4227 .
1373 4216 1379 4227 .
1399 4172 1520 4240 suspica·

242 4249 289 4297 tur
307 4262 320 4299 e
341 4245 496 4298 Turonensi
514 4245 599 4298 edidit
617 4245 722 4297 Daniel
743 4245 753 4311 ΙΙ
776 4249 792 4295 9
811 4241 939 4312 laudum]
965 4240 1115 4295 infantium
1134 4243 1317 4298 Barmannas
1335 4244 1465 4298 ascholio
1484 4245 1522 4297 erl

242 4316 311 4371 Aen.
326 4315 395 4369 Xtt
410 4317 556 4384 adscripto.
584 4316 630 4368 sed
644 4333 657 4367 e
672 4315 806 4368 Varronis
821 4314 857 4380 (d.
872 4329 896 4365 a.
908 4329 938 4380 p.
953 4312 988 4366 R.
1005 4315 1050 4369 lib.
1062 4314 1098 4382 Π)
1112 4316 1199 4369 certis
1214 4333 1231 4368 a
1245 4315 1339 4369 Nonio
1355 4316 1396 4384 (p.
1406 4315 1520 4383 528Μ.)

243 4388 364 4440 laedatis
384 4385 571 4452 ‘infantiam'
592 4387 654 4439 deos
674 4401 775 4452 param
799 4389 926 4438 accurate
948 4385 1034 4439 dictos
1058 4401 1111 4439 csse
1134 4392 1249 4454 apparet
1267 4402 1332 4454 qaas
1356 4386 1445 4439 Varro
1463 4387 1521 4453 ipse

244 4458 432 4526 ‘coninpales'
454 4456 591 4525 appellari
617 4457 746 4509 docnait.
783 4456 856 4524 qaod
874 4455 1008 4523 interpres
1026 4457 1094 4509 dicit
1113 4458 1226 4510 landam
1245 4458 1307 4510 deos
1324 4475 1342 4509 a
1360 4473 1416 4510 non
1435 4458 1520 4510 nattis

237 4534 352 4597 palatos
370 4544 424 4581 esse
440 4527 602 4581 Pilumnum
620 4532 645 4581 et
661 4526 823 4581 Pitumnum
841 4527 906 4580 inde
923 4527 1031 4581 eidetar
1050 4528 1243 4596 replicandam
1261 4543 1315 4580 esse
1333 4529 1405 4595 qaod
1423 4534 1520 4582 veteres

242 4617 260 4653 a
276 4599 444 4666 Oratoribus,
463 4599 623 4667 quibusoam
641 4598 686 4652 illi
704 4603 908 4666 comparantur,
926 4599 1026 4667 equites
1038 4598 1070 4652 in
1084 4615 1114 4652 re
1131 4599 1239 4664 fortiter
1256 4599 1375 4666 peranda
1388 4600 1520 4653 adine-uri

242 4672 422 4725 crediderant.
451 4671 484 4735 cf.
507 4669 612 4724 Preller
630 4669 720 4723 Iloem,
738 4670 855 4738 Mythol.
870 4668 910 4723 ΙΙ3
918 4686 949 4738 p.
965 4675 1080 4739 3008qq.
1095 4671 1104 4740 ΙΙ
1121 4676 1153 4723 10
1171 4671 1204 4722 ut
1222 4669 1341 4722 diximus
1361 4687 1444 4738 supra
1458 4670 1521 4723 LF

242 4792 244 4805 ,
272 4747 304 4796 13
324 4743 418 4795 monte
436 4739 508 4794 laria
527 4740 568 4805 F,
587 4755 655 4794 corr.
675 4740 780 4794 Daniel
802 4743 811 4812 ΙΙ
834 4747 868 4795 16
888 4743 1036 4810 captantur
1054 4741 1133 4793 LM:
1158 4742 1271 4808 captare
1290 4758 1410 4808 namque
1429 4742 1519 4795 ΔΒΗ

242 4815 413 4882 aptabantur
430 4811 458 4864 R
485 4811 671 4880 captabantur
690 4811 721 4864 F
732 4813 741 4882 {l
757 4818 789 4866 18
808 4812 977 4882 succinctus]
996 4829 1046 4866 ern.
1061 4811 1132 4878 ΑΗ,
1152 4813 1217 4865 sedc
1238 4813 1275 4864 M
1302 4828 1352 4864 sua
1370 4813 1445 4866 intus
1466 4814 1496 4866 F
1511 4814 1520 4884 ll

242 4891 276 4938 20
295 4884 374 4938 nicae
394 4883 470 4937 aedis
490 4899 519 4935 se
539 4884 665 4936 sacratae
684 4883 774 4952 accipi
793 4884 878 4938 debat
896 4882 933 4947 F,
951 4899 1066 4951 anacam
1084 4884 1216 4936 consentit
1230 4883 1263 4948 G,
1282 4884 1339 4936 nisi
1357 4886 1429 4952 qaod
1447 4886 1519 4938 acci-

242 4955 359 5023 piebant
376 4955 482 5008 cellita
501 4970 555 5022 pro
579 4953 668 5021 accipi
692 4954 790 5021 debat,
814 4956 887 5024 qnod
909 4955 1001 5020 ipsam
1019 4954 1133 5007 Daniel.
1146 4956 1263 5008 eorreait
1289 4956 1298 5023 11
1326 4961 1359 5007 22
1384 4955 1431 5024 qui
1454 4957 1518 5010 add.

244 5027 399 5080 Masaieins
413 5027 421 5096 ll
436 5025 539 5078 abituri
558 5026 584 5078 G
597 5027 607 5096 ΙΙ
625 5031 659 5078 23
679 5024 760 5079 atiret
778 5027 855 5080 ueste
875 5023 1012 5078 ediculam
1033 5026 1059 5078 G
1072 5027 1081 5092 ΙΙ
1103 5031 1137 5078 24
1155 5025 1292 5094 templum
1311 5042 1361 5080 om.
1377 5027 1402 5081 G
1416 5030 1425 5095 [Ι
1439 5042 1518 5079 senn-

242 5101 287 5152 tas
305 5097 408 5152 habere
428 5097 465 5164 F,
484 5113 553 5151 carr.
568 5097 672 5152 Daniel
