<?xml version="1.0" encoding="UTF-8"?>
<!DOCTYPE html PUBLIC "-//W3C//DTD XHTML 1.0 Transitional//EN"
    "http://www.w3.org/TR/xhtml1/DTD/xhtml1-transitional.dtd">
<html xmlns="http://www.w3.org/1999/xhtml" xml:lang="en" lang="en">
 <head>
  <title>
</title>
<meta http-equiv="Content-Type" content="text/html;charset=utf-8" />
  <meta name='ocr-system' content='tesseract 3.04.00' />
  <meta name='ocr-capabilities' content='ocr_page ocr_carea ocr_par ocr_line ocrx_word'/>
</head>
<body>
  <div class='ocr_page' id='page_1' title='image "./serviigrammatic02thilgoog_0006.png"; bbox 0 0 3436 5670; ppageno 0'>
   <div class='ocr_carea' id='block_1_1' title="bbox 745 1341 1108 1416">
    <p class='ocr_par' dir='ltr' id='par_1_1' title="bbox 745 1341 1108 1416">
     <span class='ocr_line' id='line_1_1' title="bbox 745 1341 1108 1416; baseline 0.003 -1"><span class='ocrx_word' id='word_1_1' title='bbox 745 1341 1108 1416; x_wconf 80' lang='lat' dir='ltr'><strong>PRAEFATIO.</strong></span> 
     </span>
    </p>
   </div>
   <div class='ocr_carea' id='block_1_2' title="bbox 289 1622 1567 2245">
    <p class='ocr_par' dir='ltr' id='par_1_2' title="bbox 289 1622 1567 2245">
     <span class='ocr_line' id='line_1_2' title="bbox 379 1622 1565 1707; baseline -0.002 -18"><span class='ocrx_word' id='word_1_2' title='bbox 379 1623 526 1706; x_wconf 80' lang='lat' dir='ltr'>Codices,</span> <span class='ocrx_word' id='word_1_3' title='bbox 551 1646 630 1707; x_wconf 90' lang='lat' dir='ltr'>quos</span> <span class='ocrx_word' id='word_1_4' title='bbox 655 1623 695 1686; x_wconf 87' lang='lat' dir='ltr'>ad</span> <span class='ocrx_word' id='word_1_5' title='bbox 718 1623 876 1686; x_wconf 90' lang='lat' dir='ltr'>librorum</span> <span class='ocrx_word' id='word_1_6' title='bbox 901 1622 1056 1687; x_wconf 90' lang='lat' dir='ltr'>Vl-XII</span> <span class='ocrx_word' id='word_1_7' title='bbox 1080 1625 1328 1689; x_wconf 80' lang='lat' dir='ltr'>commentarios</span> <span class='ocrx_word' id='word_1_8' title='bbox 1352 1623 1565 1688; x_wconf 88' lang='lat' dir='ltr'>recensendos</span> 
     </span>
     <span class='ocr_line' id='line_1_3' title="bbox 291 1728 1566 1817; baseline -0.001 -22"><span class='ocrx_word' id='word_1_9' title='bbox 291 1732 496 1816; x_wconf 92' lang='lat' dir='ltr'>adhibui,·p.</span> <span class='ocrx_word' id='word_1_10' title='bbox 522 1732 538 1795; x_wconf 94' lang='lat'>1</span> <span class='ocrx_word' id='word_1_11' title='bbox 564 1729 822 1796; x_wconf 88' lang='lat' dir='ltr'>commemoravi.</span> <span class='ocrx_word' id='word_1_12' title='bbox 868 1729 1239 1795; x_wconf 82' lang='lat' dir='ltr'>Autissiodorensi</span> <span class='ocrx_word' id='word_1_13' title='bbox 1263 1728 1324 1817; x_wconf 77' lang='lat' dir='ltr'>(G)</span> <span class='ocrx_word' id='word_1_14' title='bbox 1350 1754 1413 1816; x_wconf 89' lang='lat' dir='ltr'>qua</span> <span class='ocrx_word' id='word_1_15' title='bbox 1440 1730 1566 1795; x_wconf 84' lang='lat' dir='ltr'>ratione</span> 
     </span>
     <span class='ocr_line' id='line_1_4' title="bbox 290 1836 1567 1923; baseline -0.001 -20"><span class='ocrx_word' id='word_1_16' title='bbox 290 1862 367 1904; x_wconf 89' lang='lat' dir='ltr'>usus</span> <span class='ocrx_word' id='word_1_17' title='bbox 392 1840 453 1902; x_wconf 90' lang='lat' dir='ltr'>sim</span> <span class='ocrx_word' id='word_1_18' title='bbox 476 1839 574 1923; x_wconf 92' lang='lat' dir='ltr'>paulo</span> <span class='ocrx_word' id='word_1_19' title='bbox 599 1837 780 1902; x_wconf 74' lang='lat' dir='ltr'><strong>accuratius</strong></span> <span class='ocrx_word' id='word_1_20' title='bbox 809 1836 1033 1919; x_wconf 86' lang='lat' dir='ltr'>explicandum</span> <span class='ocrx_word' id='word_1_21' title='bbox 1062 1859 1131 1901; x_wconf 89' lang='lat' dir='ltr'>esse</span> <span class='ocrx_word' id='word_1_22' title='bbox 1160 1839 1265 1902; x_wconf 86' lang='lat' dir='ltr'>video:</span> <span class='ocrx_word' id='word_1_23' title='bbox 1294 1861 1369 1902; x_wconf 90' lang='lat' dir='ltr'>nam</span> <span class='ocrx_word' id='word_1_24' title='bbox 1398 1838 1522 1922; x_wconf 90' lang='lat' dir='ltr'>quael.</span> <span class='ocrx_word' id='word_1_25' title='bbox 1546 1839 1567 1902; x_wconf 92' lang='lat' dir='ltr'>l.</span> 
     </span>
     <span class='ocr_line' id='line_1_5' title="bbox 290 1941 1567 2029; baseline -0.001 -21"><span class='ocrx_word' id='word_1_26' title='bbox 290 1946 327 2009; x_wconf 89' lang='lat' dir='ltr'>de</span> <span class='ocrx_word' id='word_1_27' title='bbox 353 1969 390 2009; x_wconf 89' lang='lat' dir='ltr'>ea</span> <span class='ocrx_word' id='word_1_28' title='bbox 413 1967 447 2010; x_wconf 90' lang='lat' dir='ltr'>re</span> <span class='ocrx_word' id='word_1_29' title='bbox 472 1945 538 2009; x_wconf 83' lang='lat' dir='ltr'>dixi</span> <span class='ocrx_word' id='word_1_30' title='bbox 562 1945 600 2008; x_wconf 90' lang='lat' dir='ltr'>ad</span> <span class='ocrx_word' id='word_1_31' title='bbox 624 1944 726 2008; x_wconf 88' lang='lat' dir='ltr'>libros</span> <span class='ocrx_word' id='word_1_32' title='bbox 750 1941 805 2007; x_wconf 92' lang='lat' dir='ltr'>Vl.</span> <span class='ocrx_word' id='word_1_33' title='bbox 829 1946 862 2005; x_wconf 91' lang='lat' dir='ltr'>et</span> <span class='ocrx_word' id='word_1_34' title='bbox 886 1942 958 2007; x_wconf 90' lang='lat' dir='ltr'>VII.</span> <span class='ocrx_word' id='word_1_35' title='bbox 981 1944 1155 2027; x_wconf 88' lang='lat' dir='ltr'>pertinent,</span> <span class='ocrx_word' id='word_1_36' title='bbox 1179 1946 1211 2009; x_wconf 93' lang='lat' dir='ltr'>in</span> <span class='ocrx_word' id='word_1_37' title='bbox 1237 1946 1353 2029; x_wconf 89' lang='lat' dir='ltr'>quibus</span> <span class='ocrx_word' id='word_1_38' title='bbox 1378 1968 1416 2009; x_wconf 83' lang='lat' dir='ltr'>ex</span> <span class='ocrx_word' id='word_1_39' title='bbox 1440 1945 1567 2029; x_wconf 89' lang='lat' dir='ltr'>Hageni</span> 
     </span>
     <span class='ocr_line' id='line_1_6' title="bbox 289 2049 1566 2117; baseline -0.001 0"><span class='ocrx_word' id='word_1_40' title='bbox 289 2053 461 2117; x_wconf 90' lang='lat' dir='ltr'>collatione</span> <span class='ocrx_word' id='word_1_41' title='bbox 486 2051 604 2116; x_wconf 89' lang='lat' dir='ltr'>codicis</span> <span class='ocrx_word' id='word_1_42' title='bbox 626 2050 812 2114; x_wconf 89' lang='lat' dir='ltr'>testimonia</span> <span class='ocrx_word' id='word_1_43' title='bbox 831 2049 912 2114; x_wconf 92' lang='lat' dir='ltr'>dedi.</span> <span class='ocrx_word' id='word_1_44' title='bbox 949 2051 1023 2114; x_wconf 90' lang='lat' dir='ltr'>inde</span> <span class='ocrx_word' id='word_1_45' title='bbox 1043 2051 1083 2115; x_wconf 90' lang='lat' dir='ltr'>ab</span> <span class='ocrx_word' id='word_1_46' title='bbox 1104 2055 1217 2115; x_wconf 87' lang='lat' dir='ltr'>octavo</span> <span class='ocrx_word' id='word_1_47' title='bbox 1236 2052 1320 2116; x_wconf 89' lang='lat' dir='ltr'>libro</span> <span class='ocrx_word' id='word_1_48' title='bbox 1340 2056 1376 2115; x_wconf 95' lang='lat' dir='ltr'>ut</span> <span class='ocrx_word' id='word_1_49' title='bbox 1395 2051 1566 2116; x_wconf 87' lang='lat' dir='ltr'>Danielina</span> 
     </span>
     <span class='ocr_line' id='line_1_7' title="bbox 289 2149 1567 2245; baseline -0.001 -23"><span class='ocrx_word' id='word_1_50' title='bbox 289 2159 426 2243; x_wconf 89' lang='lat' dir='ltr'>scholia,</span> <span class='ocrx_word' id='word_1_51' title='bbox 455 2181 536 2244; x_wconf 90' lang='lat' dir='ltr'>quae</span> <span class='ocrx_word' id='word_1_52' title='bbox 565 2158 692 2242; x_wconf 89' lang='lat' dir='ltr'>quidem</span> <span class='ocrx_word' id='word_1_53' title='bbox 719 2158 752 2220; x_wconf 95' lang='lat' dir='ltr'>in</span> <span class='ocrx_word' id='word_1_54' title='bbox 776 2149 1053 2232; x_wconf 83' lang='lat' dir='ltr'>Autissiodorensi</span> <span class='ocrx_word' id='word_1_55' title='bbox 1078 2161 1189 2222; x_wconf 86' lang='lat' dir='ltr'>extant</span> <span class='ocrx_word' id='word_1_56' title='bbox 1212 2155 1265 2245; x_wconf 82' lang='lat' dir='ltr'>(cf.</span> <span class='ocrx_word' id='word_1_57' title='bbox 1290 2157 1390 2241; x_wconf 88' lang='lat' dir='ltr'>praef.</span> <span class='ocrx_word' id='word_1_58' title='bbox 1415 2180 1444 2240; x_wconf 91' lang='lat' dir='ltr'>p.</span> <span class='ocrx_word' id='word_1_59' title='bbox 1468 2156 1567 2244; x_wconf 86' lang='lat' dir='ltr'>LXI),</span> 
     </span>
    </p>
   </div>
   <div class='ocr_carea' id='block_1_3' title="bbox 284 2263 1580 5022">
    <p class='ocr_par' dir='ltr' id='par_1_3' title="bbox 287 2263 1565 3311">
     <span class='ocr_line' id='line_1_8' title="bbox 289 2263 1564 2350; baseline 0 -22"><span class='ocrx_word' id='word_1_60' title='bbox 289 2265 357 2349; x_wconf 89' lang='lat' dir='ltr'>ipse</span> <span class='ocrx_word' id='word_1_61' title='bbox 380 2288 509 2350; x_wconf 91' lang='lat' dir='ltr'>possem</span> <span class='ocrx_word' id='word_1_62' title='bbox 535 2265 695 2347; x_wconf 89' lang='lat' dir='ltr'>conferre,</span> <span class='ocrx_word' id='word_1_63' title='bbox 724 2263 842 2327; x_wconf 84' lang='lat' dir='ltr'>eximia</span> <span class='ocrx_word' id='word_1_64' title='bbox 870 2264 1025 2347; x_wconf 89' lang='lat' dir='ltr'>praefecti</span> <span class='ocrx_word' id='word_1_65' title='bbox 1050 2265 1266 2330; x_wconf 81' lang='lat' dir='ltr'>bibliothecae</span> <span class='ocrx_word' id='word_1_66' title='bbox 1290 2265 1463 2330; x_wconf 86' lang='lat' dir='ltr'>Bernensis</span> <span class='ocrx_word' id='word_1_67' title='bbox 1487 2265 1564 2328; x_wconf 92' lang='lat' dir='ltr'>libe·</span> 
     </span>
     <span class='ocr_line' id='line_1_9' title="bbox 288 2369 1564 2457; baseline 0.001 -23"><span class='ocrx_word' id='word_1_68' title='bbox 288 2371 417 2435; x_wconf 89' lang='lat' dir='ltr'>ralitate</span> <span class='ocrx_word' id='word_1_69' title='bbox 437 2373 586 2437; x_wconf 87' lang='lat' dir='ltr'>effectum</span> <span class='ocrx_word' id='word_1_70' title='bbox 606 2375 663 2454; x_wconf 90' lang='lat' dir='ltr'>est,</span> <span class='ocrx_word' id='word_1_71' title='bbox 683 2371 738 2455; x_wconf 89' lang='lat' dir='ltr'>qui</span> <span class='ocrx_word' id='word_1_72' title='bbox 757 2371 798 2434; x_wconf 90' lang='lat' dir='ltr'>ab</span> <span class='ocrx_word' id='word_1_73' title='bbox 817 2369 954 2455; x_wconf 89' lang='lat' dir='ltr'>Hageno</span> <span class='ocrx_word' id='word_1_74' title='bbox 975 2394 1046 2437; x_wconf 90' lang='lat' dir='ltr'>mea</span> <span class='ocrx_word' id='word_1_75' title='bbox 1066 2395 1162 2436; x_wconf 89' lang='lat' dir='ltr'>causa</span> <span class='ocrx_word' id='word_1_76' title='bbox 1184 2377 1317 2457; x_wconf 84' lang='lat' dir='ltr'>rogatus</span> <span class='ocrx_word' id='word_1_77' title='bbox 1342 2373 1427 2436; x_wconf 89' lang='lat' dir='ltr'>hunc</span> <span class='ocrx_word' id='word_1_78' title='bbox 1445 2372 1564 2436; x_wconf 91' lang='lat' dir='ltr'>librum</span> 
     </span>
     <span class='ocr_line' id='line_1_10' title="bbox 290 2478 1565 2562; baseline -0.001 -20"><span class='ocrx_word' id='word_1_79' title='bbox 290 2500 361 2542; x_wconf 88' lang='lat' dir='ltr'>oum</span> <span class='ocrx_word' id='word_1_80' title='bbox 377 2478 558 2544; x_wconf 89' lang='lat' dir='ltr'>Turonensi</span> <span class='ocrx_word' id='word_1_81' title='bbox 572 2478 823 2562; x_wconf 90' lang='lat' dir='ltr'>Heidelbergam</span> <span class='ocrx_word' id='word_1_82' title='bbox 838 2478 937 2542; x_wconf 82' lang='lat' dir='ltr'>misit.</span> <span class='ocrx_word' id='word_1_83' title='bbox 970 2502 1009 2542; x_wconf 92' lang='lat' dir='ltr'>ne</span> <span class='ocrx_word' id='word_1_84' title='bbox 1029 2480 1271 2544; x_wconf 84' lang='lat' dir='ltr'>adnotationem</span> <span class='ocrx_word' id='word_1_85' title='bbox 1290 2480 1450 2542; x_wconf 88' lang='lat' dir='ltr'>inutiliter</span> <span class='ocrx_word' id='word_1_86' title='bbox 1471 2499 1565 2562; x_wconf 89' lang='lat' dir='ltr'>auge-</span> 
     </span>
     <span class='ocr_line' id='line_1_11' title="bbox 289 2585 1564 2671; baseline 0 -23"><span class='ocrx_word' id='word_1_87' title='bbox 289 2608 370 2664; x_wconf 89' lang='lat' dir='ltr'>rem,</span> <span class='ocrx_word' id='word_1_88' title='bbox 394 2609 475 2670; x_wconf 87' lang='lat' dir='ltr'>quae</span> <span class='ocrx_word' id='word_1_89' title='bbox 500 2586 624 2651; x_wconf 88' lang='lat' dir='ltr'>scholia</span> <span class='ocrx_word' id='word_1_90' title='bbox 648 2586 746 2649; x_wconf 82' lang='lat' dir='ltr'>codex</span> <span class='ocrx_word' id='word_1_91' title='bbox 770 2585 916 2668; x_wconf 86' lang='lat' dir='ltr'>haberet,</span> <span class='ocrx_word' id='word_1_92' title='bbox 940 2586 972 2649; x_wconf 90' lang='lat' dir='ltr'>id</span> <span class='ocrx_word' id='word_1_93' title='bbox 992 2587 1076 2671; x_wconf 92' lang='lat' dir='ltr'>quod</span> <span class='ocrx_word' id='word_1_94' title='bbox 1096 2587 1130 2650; x_wconf 91' lang='lat' dir='ltr'>in</span> <span class='ocrx_word' id='word_1_95' title='bbox 1149 2587 1256 2670; x_wconf 87' lang='lat' dir='ltr'>priore</span> <span class='ocrx_word' id='word_1_96' title='bbox 1276 2587 1359 2649; x_wconf 85' lang='lat' dir='ltr'>sexti</span> <span class='ocrx_word' id='word_1_97' title='bbox 1379 2585 1453 2649; x_wconf 89' lang='lat' dir='ltr'>libri</span> <span class='ocrx_word' id='word_1_98' title='bbox 1472 2590 1564 2669; x_wconf 89' lang='lat' dir='ltr'>parte</span> 
     </span>
     <span class='ocr_line' id='line_1_12' title="bbox 288 2692 1565 2776; baseline 0.002 -22"><span class='ocrx_word' id='word_1_99' title='bbox 288 2692 494 2757; x_wconf 90' lang='lat' dir='ltr'>indicandum</span> <span class='ocrx_word' id='word_1_100' title='bbox 513 2715 583 2757; x_wconf 88' lang='lat' dir='ltr'>esse</span> <span class='ocrx_word' id='word_1_101' title='bbox 603 2693 709 2756; x_wconf 87' lang='lat' dir='ltr'>visum</span> <span class='ocrx_word' id='word_1_102' title='bbox 729 2697 790 2775; x_wconf 87' lang='lat' dir='ltr'>est,</span> <span class='ocrx_word' id='word_1_103' title='bbox 813 2714 879 2756; x_wconf 92' lang='lat' dir='ltr'>non</span> <span class='ocrx_word' id='word_1_104' title='bbox 901 2692 1054 2775; x_wconf 87' lang='lat' dir='ltr'>indicavi,</span> <span class='ocrx_word' id='word_1_105' title='bbox 1077 2714 1180 2776; x_wconf 88' lang='lat' dir='ltr'>neque</span> <span class='ocrx_word' id='word_1_106' title='bbox 1200 2693 1254 2756; x_wconf 94' lang='lat' dir='ltr'>ubi</span> <span class='ocrx_word' id='word_1_107' title='bbox 1275 2714 1346 2756; x_wconf 91' lang='lat' dir='ltr'>cum</span> <span class='ocrx_word' id='word_1_108' title='bbox 1366 2692 1565 2757; x_wconf 84' lang='lat' dir='ltr'>Floriacensi</span> 
     </span>
     <span class='ocr_line' id='line_1_13' title="bbox 288 2799 1565 2884; baseline 0.001 -20"><span class='ocrx_word' id='word_1_109' title='bbox 288 2800 450 2865; x_wconf 83' lang='lat' dir='ltr'>consentit</span> <span class='ocrx_word' id='word_1_110' title='bbox 472 2822 546 2864; x_wconf 93' lang='lat' dir='ltr'>eum</span> <span class='ocrx_word' id='word_1_111' title='bbox 570 2820 763 2863; x_wconf 91' lang='lat' dir='ltr'>consensum</span> <span class='ocrx_word' id='word_1_112' title='bbox 788 2799 981 2884; x_wconf 90' lang='lat' dir='ltr'>significavi,</span> <span class='ocrx_word' id='word_1_113' title='bbox 1005 2799 1060 2862; x_wconf 87' lang='lat' dir='ltr'>sed</span> <span class='ocrx_word' id='word_1_114' title='bbox 1085 2800 1164 2863; x_wconf 89' lang='lat' dir='ltr'>satis</span> <span class='ocrx_word' id='word_1_115' title='bbox 1188 2799 1288 2862; x_wconf 89' lang='lat' dir='ltr'>habui</span> <span class='ocrx_word' id='word_1_116' title='bbox 1312 2822 1349 2862; x_wconf 93' lang='lat' dir='ltr'>ea</span> <span class='ocrx_word' id='word_1_117' title='bbox 1370 2822 1450 2883; x_wconf 92' lang='lat' dir='ltr'>quae</span> <span class='ocrx_word' id='word_1_118' title='bbox 1470 2800 1565 2865; x_wconf 90' lang='lat' dir='ltr'>aliter</span> 
     </span>
     <span class='ocr_line' id='line_1_14' title="bbox 288 2905 1564 2991; baseline 0 -20"><span class='ocrx_word' id='word_1_119' title='bbox 288 2913 384 2991; x_wconf 88' lang='lat' dir='ltr'>atque</span> <span class='ocrx_word' id='word_1_120' title='bbox 416 2908 451 2970; x_wconf 93' lang='lat' dir='ltr'>in</span> <span class='ocrx_word' id='word_1_121' title='bbox 478 2906 677 2972; x_wconf 81' lang='lat' dir='ltr'>Floriacensi</span> <span class='ocrx_word' id='word_1_122' title='bbox 710 2907 829 2989; x_wconf 88' lang='lat' dir='ltr'>scripta</span> <span class='ocrx_word' id='word_1_123' title='bbox 863 2909 950 2990; x_wconf 86' lang='lat' dir='ltr'>sunt,</span> <span class='ocrx_word' id='word_1_124' title='bbox 983 2906 1168 2989; x_wconf 90' lang='lat' dir='ltr'>protulisse.</span> <span class='ocrx_word' id='word_1_125' title='bbox 1213 2905 1324 2990; x_wconf 91' lang='lat' dir='ltr'>itaque</span> <span class='ocrx_word' id='word_1_126' title='bbox 1353 2928 1390 2970; x_wconf 89' lang='lat' dir='ltr'>ea</span> <span class='ocrx_word' id='word_1_127' title='bbox 1417 2907 1564 2972; x_wconf 83' lang='lat' dir='ltr'>Danielis</span> 
     </span>
     <span class='ocr_line' id='line_1_15' title="bbox 289 3012 1563 3098; baseline 0 -20"><span class='ocrx_word' id='word_1_128' title='bbox 289 3013 426 3098; x_wconf 84' lang='lat' dir='ltr'>scholia,</span> <span class='ocrx_word' id='word_1_129' title='bbox 451 3014 489 3077; x_wconf 94' lang='lat' dir='ltr'>de</span> <span class='ocrx_word' id='word_1_130' title='bbox 513 3015 630 3098; x_wconf 92' lang='lat' dir='ltr'>quibus</span> <span class='ocrx_word' id='word_1_131' title='bbox 654 3013 736 3077; x_wconf 92' lang='lat' dir='ltr'>nihil</span> <span class='ocrx_word' id='word_1_132' title='bbox 761 3034 798 3075; x_wconf 88' lang='lat' dir='ltr'>ex</span> <span class='ocrx_word' id='word_1_133' title='bbox 822 3012 1099 3076; x_wconf 81' lang='lat' dir='ltr'>Autissiodorensi</span> <span class='ocrx_word' id='word_1_134' title='bbox 1123 3014 1289 3096; x_wconf 82' lang='lat' dir='ltr'>adnotavi,</span> <span class='ocrx_word' id='word_1_135' title='bbox 1318 3017 1374 3076; x_wconf 91' lang='lat' dir='ltr'>aut</span> <span class='ocrx_word' id='word_1_136' title='bbox 1397 3013 1506 3078; x_wconf 90' lang='lat' dir='ltr'>deesse</span> <span class='ocrx_word' id='word_1_137' title='bbox 1530 3015 1563 3078; x_wconf 93' lang='lat' dir='ltr'>in</span> 
     </span>
     <span class='ocr_line' id='line_1_16' title="bbox 287 3119 1562 3204; baseline 0.001 -21"><span class='ocrx_word' id='word_1_138' title='bbox 287 3125 324 3184; x_wconf 82' lang='lat' dir='ltr'>eo</span> <span class='ocrx_word' id='word_1_139' title='bbox 358 3121 465 3185; x_wconf 88' lang='lat' dir='ltr'>codice</span> <span class='ocrx_word' id='word_1_140' title='bbox 503 3125 558 3185; x_wconf 90' lang='lat' dir='ltr'>aut</span> <span class='ocrx_word' id='word_1_141' title='bbox 591 3119 770 3184; x_wconf 88' lang='lat' dir='ltr'>consentire</span> <span class='ocrx_word' id='word_1_142' title='bbox 809 3141 880 3182; x_wconf 90' lang='lat' dir='ltr'>cum</span> <span class='ocrx_word' id='word_1_143' title='bbox 912 3119 1111 3184; x_wconf 84' lang='lat' dir='ltr'>Floriacensi</span> <span class='ocrx_word' id='word_1_144' title='bbox 1144 3120 1396 3204; x_wconf 90' lang='lat' dir='ltr'>intellegendum</span> <span class='ocrx_word' id='word_1_145' title='bbox 1429 3126 1486 3186; x_wconf 89' lang='lat' dir='ltr'>est.</span> <span class='ocrx_word' id='word_1_146' title='bbox 1521 3158 1562 3166; x_wconf 87' lang='lat'>-</span> 
     </span>
     <span class='ocr_line' id='line_1_17' title="bbox 287 3226 1185 3311; baseline 0.001 -22"><span class='ocrx_word' id='word_1_147' title='bbox 287 3226 529 3310; x_wconf 85' lang='lat' dir='ltr'>Lipsiensem</span> <span class='ocrx_word' id='word_1_148' title='bbox 554 3228 695 3293; x_wconf 91' lang='lat' dir='ltr'>codicem</span> <span class='ocrx_word' id='word_1_149' title='bbox 718 3249 818 3311; x_wconf 92' lang='lat' dir='ltr'>usque</span> <span class='ocrx_word' id='word_1_150' title='bbox 843 3227 883 3290; x_wconf 89' lang='lat' dir='ltr'>ad</span> <span class='ocrx_word' id='word_1_151' title='bbox 906 3226 966 3311; x_wconf 86' lang='lat' dir='ltr'>XI,</span> <span class='ocrx_word' id='word_1_152' title='bbox 985 3229 1027 3292; x_wconf 79' lang='lat'>28</span> <span class='ocrx_word' id='word_1_153' title='bbox 1053 3228 1185 3292; x_wconf 89' lang='lat' dir='ltr'>contuli.</span> 
     </span>
    </p>

    <p class='ocr_par' dir='ltr' id='par_1_4' title="bbox 284 3333 1580 4594">
     <span class='ocr_line' id='line_1_18' title="bbox 377 3333 1563 3418; baseline 0.002 -22"><span class='ocrx_word' id='word_1_154' title='bbox 377 3333 569 3397; x_wconf 86' lang='lat' dir='ltr'>Gratissimo</span> <span class='ocrx_word' id='word_1_155' title='bbox 590 3335 698 3399; x_wconf 88' lang='lat' dir='ltr'>animo</span> <span class='ocrx_word' id='word_1_156' title='bbox 718 3334 873 3418; x_wconf 89' lang='lat' dir='ltr'>profiteor</span> <span class='ocrx_word' id='word_1_157' title='bbox 887 3333 1125 3399; x_wconf 82' lang='lat' dir='ltr'>Fridericum</span> <span class='ocrx_word' id='word_1_158' title='bbox 1144 3333 1311 3414; x_wconf 81' lang='lat' dir='ltr'>Schoell,</span> <span class='ocrx_word' id='word_1_159' title='bbox 1331 3333 1385 3417; x_wconf 91' lang='lat' dir='ltr'>qui</span> <span class='ocrx_word' id='word_1_160' title='bbox 1405 3333 1437 3395; x_wconf 93' lang='lat' dir='ltr'>in</span> <span class='ocrx_word' id='word_1_161' title='bbox 1456 3334 1563 3416; x_wconf 84' lang='lat' dir='ltr'>priore</span> 
     </span>
     <span class='ocr_line' id='line_1_19' title="bbox 287 3440 1562 3524; baseline -0.001 -20"><span class='ocrx_word' id='word_1_162' title='bbox 287 3441 451 3504; x_wconf 89' lang='lat' dir='ltr'>volumine</span> <span class='ocrx_word' id='word_1_163' title='bbox 475 3441 660 3506; x_wconf 90' lang='lat' dir='ltr'>adornando</span> <span class='ocrx_word' id='word_1_164' title='bbox 685 3444 717 3505; x_wconf 91' lang='lat' dir='ltr'>et</span> <span class='ocrx_word' id='word_1_165' title='bbox 740 3440 875 3504; x_wconf 90' lang='lat' dir='ltr'>consilio</span> <span class='ocrx_word' id='word_1_166' title='bbox 899 3445 931 3503; x_wconf 89' lang='lat' dir='ltr'>et</span> <span class='ocrx_word' id='word_1_167' title='bbox 954 3440 1041 3505; x_wconf 88' lang='lat' dir='ltr'>facto</span> <span class='ocrx_word' id='word_1_168' title='bbox 1065 3463 1115 3504; x_wconf 92' lang='lat' dir='ltr'>me</span> <span class='ocrx_word' id='word_1_169' title='bbox 1135 3440 1271 3523; x_wconf 88' lang='lat' dir='ltr'>adiuvit,</span> <span class='ocrx_word' id='word_1_170' title='bbox 1295 3441 1328 3503; x_wconf 91' lang='lat' dir='ltr'>in</span> <span class='ocrx_word' id='word_1_171' title='bbox 1352 3440 1413 3504; x_wconf 92' lang='lat' dir='ltr'>hac</span> <span class='ocrx_word' id='word_1_172' title='bbox 1438 3462 1562 3524; x_wconf 90' lang='lat' dir='ltr'>quoque</span> 
     </span>
     <span class='ocr_line' id='line_1_20' title="bbox 287 3547 1580 3640; baseline -0.001 -30"><span class='ocrx_word' id='word_1_173' title='bbox 287 3549 392 3631; x_wconf 89' lang='lat' dir='ltr'>operis</span> <span class='ocrx_word' id='word_1_174' title='bbox 412 3551 504 3632; x_wconf 89' lang='lat' dir='ltr'>parte</span> <span class='ocrx_word' id='word_1_175' title='bbox 523 3548 597 3613; x_wconf 90' lang='lat' dir='ltr'>inde</span> <span class='ocrx_word' id='word_1_176' title='bbox 613 3571 632 3612; x_wconf 93' lang='lat' dir='ltr'>a</span> <span class='ocrx_word' id='word_1_177' title='bbox 647 3548 785 3631; x_wconf 86' lang='lat' dir='ltr'>septimo</span> <span class='ocrx_word' id='word_1_178' title='bbox 805 3547 888 3610; x_wconf 90' lang='lat' dir='ltr'>libro</span> <span class='ocrx_word' id='word_1_179' title='bbox 908 3570 980 3611; x_wconf 90' lang='lat' dir='ltr'>cum</span> <span class='ocrx_word' id='word_1_180' title='bbox 1000 3548 1142 3633; x_wconf 90' lang='lat' dir='ltr'>plagulis</span> <span class='ocrx_word' id='word_1_181' title='bbox 1158 3547 1354 3631; x_wconf 84' lang='lat' dir='ltr'>corrigendis</span> <span class='ocrx_word' id='word_1_182' title='bbox 1374 3551 1443 3610; x_wconf 90' lang='lat' dir='ltr'>tum</span> <span class='ocrx_word' id='word_1_183' title='bbox 1458 3568 1580 3640; x_wconf 28' lang='lat' dir='ltr'>emen-¹</span> 
     </span>
     <span class='ocr_line' id='line_1_21' title="bbox 286 3653 1562 3720; baseline 0 -3"><span class='ocrx_word' id='word_1_184' title='bbox 286 3655 399 3719; x_wconf 90' lang='lat' dir='ltr'>dandis</span> <span class='ocrx_word' id='word_1_185' title='bbox 427 3655 676 3720; x_wconf 84' lang='lat' dir='ltr'>scholiastarum</span> <span class='ocrx_word' id='word_1_186' title='bbox 706 3653 811 3718; x_wconf 88' lang='lat' dir='ltr'>verbis</span> <span class='ocrx_word' id='word_1_187' title='bbox 835 3655 1011 3719; x_wconf 87' lang='lat' dir='ltr'>maximum</span> <span class='ocrx_word' id='word_1_188' title='bbox 1035 3655 1114 3719; x_wconf 92' lang='lat' dir='ltr'>mihi</span> <span class='ocrx_word' id='word_1_189' title='bbox 1138 3654 1251 3719; x_wconf 90' lang='lat' dir='ltr'>tulisse</span> <span class='ocrx_word' id='word_1_190' title='bbox 1276 3653 1439 3717; x_wconf 83' lang='lat' dir='ltr'>auxilium.</span> <span class='ocrx_word' id='word_1_191' title='bbox 1487 3653 1562 3717; x_wconf 92' lang='lat' dir='ltr'>dum</span> 
     </span>
     <span class='ocr_line' id='line_1_22' title="bbox 286 3759 1563 3847; baseline 0 -22"><span class='ocrx_word' id='word_1_192' title='bbox 286 3762 514 3845; x_wconf 83' lang='lat' dir='ltr'>quaterniones</span> <span class='ocrx_word' id='word_1_193' title='bbox 529 3761 678 3845; x_wconf 89' lang='lat' dir='ltr'>lX-XI,</span> <span class='ocrx_word' id='word_1_194' title='bbox 690 3760 999 3826; x_wconf 83' lang='lat' dir='ltr'>XXXI-XXXVII</span> <span class='ocrx_word' id='word_1_195' title='bbox 1014 3763 1243 3847; x_wconf 89' lang='lat' dir='ltr'>imprimuntur</span> <span class='ocrx_word' id='word_1_196' title='bbox 1258 3783 1331 3826; x_wconf 90' lang='lat' dir='ltr'>cum</span> <span class='ocrx_word' id='word_1_197' title='bbox 1348 3759 1563 3846; x_wconf 87' lang='lat' dir='ltr'>Heidelberga</span> 
     </span>
     <span class='ocr_line' id='line_1_23' title="bbox 285 3868 1563 3953; baseline 0.001 -23"><span class='ocrx_word' id='word_1_198' title='bbox 285 3869 423 3951; x_wconf 89' lang='lat' dir='ltr'>abesset,</span> <span class='ocrx_word' id='word_1_199' title='bbox 448 3891 666 3953; x_wconf 87' lang='lat' dir='ltr'>quaecumque</span> <span class='ocrx_word' id='word_1_200' title='bbox 690 3871 724 3932; x_wconf 90' lang='lat' dir='ltr'>in</span> <span class='ocrx_word' id='word_1_201' title='bbox 746 3869 797 3932; x_wconf 88' lang='lat' dir='ltr'>his</span> <span class='ocrx_word' id='word_1_202' title='bbox 820 3868 958 3933; x_wconf 87' lang='lat' dir='ltr'>correxit</span> <span class='ocrx_word' id='word_1_203' title='bbox 977 3873 1010 3932; x_wconf 90' lang='lat' dir='ltr'>et</span> <span class='ocrx_word' id='word_1_204' title='bbox 1029 3870 1122 3932; x_wconf 89' lang='lat' dir='ltr'>aliter</span> <span class='ocrx_word' id='word_1_205' title='bbox 1142 3872 1236 3952; x_wconf 89' lang='lat' dir='ltr'>atque</span> <span class='ocrx_word' id='word_1_206' title='bbox 1257 3890 1316 3953; x_wconf 88' lang='lat' dir='ltr'>ego</span> <span class='ocrx_word' id='word_1_207' title='bbox 1337 3868 1563 3932; x_wconf 86' lang='lat' dir='ltr'>constituenda</span> 
     </span>
     <span class='ocr_line' id='line_1_24' title="bbox 285 3974 1562 4059; baseline 0.002 -23"><span class='ocrx_word' id='word_1_208' title='bbox 285 3996 354 4037; x_wconf 91' lang='lat' dir='ltr'>esse</span> <span class='ocrx_word' id='word_1_209' title='bbox 378 3976 521 4059; x_wconf 86' lang='lat' dir='ltr'>putavit,</span> <span class='ocrx_word' id='word_1_210' title='bbox 544 3975 619 4040; x_wconf 91' lang='lat' dir='ltr'>huic</span> <span class='ocrx_word' id='word_1_211' title='bbox 643 3977 713 4041; x_wconf 87' lang='lat' dir='ltr'>loco</span> <span class='ocrx_word' id='word_1_212' title='bbox 739 3974 931 4040; x_wconf 86' lang='lat' dir='ltr'>reservanda</span> <span class='ocrx_word' id='word_1_213' title='bbox 955 3979 1054 4040; x_wconf 87' lang='lat' dir='ltr'>erant.</span> <span class='ocrx_word' id='word_1_214' title='bbox 1090 3977 1144 4040; x_wconf 90' lang='lat' dir='ltr'>sed</span> <span class='ocrx_word' id='word_1_215' title='bbox 1169 3998 1209 4039; x_wconf 92' lang='lat' dir='ltr'>ne</span> <span class='ocrx_word' id='word_1_216' title='bbox 1228 3976 1262 4039; x_wconf 90' lang='lat' dir='ltr'>in</span> <span class='ocrx_word' id='word_1_217' title='bbox 1282 3974 1412 4058; x_wconf 89' lang='lat' dir='ltr'>reliquis</span> <span class='ocrx_word' id='word_1_218' title='bbox 1432 3975 1562 4058; x_wconf 88' lang='lat' dir='ltr'>quidem</span> 
     </span>
     <span class='ocr_line' id='line_1_25' title="bbox 286 4081 1563 4167; baseline 0.001 -23"><span class='ocrx_word' id='word_1_219' title='bbox 286 4082 552 4164; x_wconf 84' lang='lat' dir='ltr'>quaternionibus</span> <span class='ocrx_word' id='word_1_220' title='bbox 575 4083 639 4146; x_wconf 91' lang='lat' dir='ltr'>nisi</span> <span class='ocrx_word' id='word_1_221' title='bbox 665 4082 854 4167; x_wconf 84' lang='lat' dir='ltr'>typothetae</span> <span class='ocrx_word' id='word_1_222' title='bbox 877 4082 1008 4166; x_wconf 88' lang='lat' dir='ltr'>negotio</span> <span class='ocrx_word' id='word_1_223' title='bbox 1033 4084 1118 4147; x_wconf 90' lang='lat' dir='ltr'>ultra</span> <span class='ocrx_word' id='word_1_224' title='bbox 1141 4082 1271 4146; x_wconf 93' lang='lat' dir='ltr'>modum</span> <span class='ocrx_word' id='word_1_225' title='bbox 1296 4085 1389 4145; x_wconf 91' lang='lat' dir='ltr'>aucto</span> <span class='ocrx_word' id='word_1_226' title='bbox 1413 4081 1483 4144; x_wconf 84' lang='lat' dir='ltr'>fieri</span> <span class='ocrx_word' id='word_1_227' title='bbox 1506 4104 1563 4163; x_wconf 92' lang='lat' dir='ltr'>po-</span> 
     </span>
     <span class='ocr_line' id='line_1_26' title="bbox 285 4188 1561 4272; baseline 0.002 -22"><span class='ocrx_word' id='word_1_228' title='bbox 285 4188 361 4270; x_wconf 91' lang='lat' dir='ltr'>tuit,</span> <span class='ocrx_word' id='word_1_229' title='bbox 387 4191 421 4251; x_wconf 92' lang='lat' dir='ltr'>ut</span> <span class='ocrx_word' id='word_1_230' title='bbox 445 4190 552 4253; x_wconf 88' lang='lat' dir='ltr'>omnia</span> <span class='ocrx_word' id='word_1_231' title='bbox 572 4211 653 4272; x_wconf 90' lang='lat' dir='ltr'>quae</span> <span class='ocrx_word' id='word_1_232' title='bbox 671 4189 726 4252; x_wconf 93' lang='lat' dir='ltr'>ille</span> <span class='ocrx_word' id='word_1_233' title='bbox 745 4189 912 4252; x_wconf 89' lang='lat' dir='ltr'>invenerat</span> <span class='ocrx_word' id='word_1_234' title='bbox 931 4189 997 4252; x_wconf 91' lang='lat' dir='ltr'>suis</span> <span class='ocrx_word' id='word_1_235' title='bbox 1018 4190 1097 4253; x_wconf 90' lang='lat' dir='ltr'>locis</span> <span class='ocrx_word' id='word_1_236' title='bbox 1117 4189 1317 4253; x_wconf 89' lang='lat' dir='ltr'>adnotationi</span> <span class='ocrx_word' id='word_1_237' title='bbox 1338 4189 1561 4253; x_wconf 83' lang='lat' dir='ltr'>insererentur.</span> 
     </span>
     <span class='ocr_line' id='line_1_27' title="bbox 284 4294 1560 4380; baseline 0.003 -24"><span class='ocrx_word' id='word_1_238' title='bbox 284 4294 358 4357; x_wconf 90' lang='lat' dir='ltr'>inde</span> <span class='ocrx_word' id='word_1_239' title='bbox 383 4296 462 4359; x_wconf 87' lang='lat' dir='ltr'>satis</span> <span class='ocrx_word' id='word_1_240' title='bbox 488 4316 606 4380; x_wconf 92' lang='lat' dir='ltr'>magna</span> <span class='ocrx_word' id='word_1_241' title='bbox 630 4294 848 4359; x_wconf 89' lang='lat' dir='ltr'>addendorum</span> <span class='ocrx_word' id='word_1_242' title='bbox 872 4295 966 4379; x_wconf 92' lang='lat' dir='ltr'>copia</span> <span class='ocrx_word' id='word_1_243' title='bbox 989 4296 1107 4360; x_wconf 85' lang='lat' dir='ltr'>extitit.</span> <span class='ocrx_word' id='word_1_244' title='bbox 1142 4295 1227 4378; x_wconf 91' lang='lat' dir='ltr'>quod</span> <span class='ocrx_word' id='word_1_245' title='bbox 1246 4296 1430 4379; x_wconf 89' lang='lat' dir='ltr'>praeclaras</span> <span class='ocrx_word' id='word_1_246' title='bbox 1451 4294 1560 4360; x_wconf 90' lang='lat' dir='ltr'>Otto-</span> 
     </span>
     <span class='ocr_line' id='line_1_28' title="bbox 284 4400 1560 4486; baseline 0.004 -23"><span class='ocrx_word' id='word_1_247' title='bbox 284 4403 343 4464; x_wconf 91' lang='lat' dir='ltr'>nis</span> <span class='ocrx_word' id='word_1_248' title='bbox 372 4400 467 4466; x_wconf 90' lang='lat' dir='ltr'>Iahn</span> <span class='ocrx_word' id='word_1_249' title='bbox 502 4403 756 4486; x_wconf 79' lang='lat' dir='ltr'>emendationes,</span> <span class='ocrx_word' id='word_1_250' title='bbox 788 4404 820 4466; x_wconf 91' lang='lat' dir='ltr'>in</span> <span class='ocrx_word' id='word_1_251' title='bbox 850 4402 1016 4467; x_wconf 88' lang='lat' dir='ltr'>Leutschii</span> <span class='ocrx_word' id='word_1_252' title='bbox 1044 4403 1215 4486; x_wconf 89' lang='lat' dir='ltr'>Philologo</span> <span class='ocrx_word' id='word_1_253' title='bbox 1249 4402 1351 4465; x_wconf 88' lang='lat' dir='ltr'>editas</span> <span class='ocrx_word' id='word_1_254' title='bbox 1384 4402 1418 4465; x_wconf 91' lang='lat' dir='ltr'>in</span> <span class='ocrx_word' id='word_1_255' title='bbox 1448 4402 1560 4468; x_wconf 87' lang='lat' dir='ltr'>critico</span> 
     </span>
     <span class='ocr_line' id='line_1_29' title="bbox 285 4509 1560 4594; baseline 0.003 -24"><span class='ocrx_word' id='word_1_256' title='bbox 285 4511 515 4574; x_wconf 86' lang='lat' dir='ltr'>commentario</span> <span class='ocrx_word' id='word_1_257' title='bbox 544 4510 760 4593; x_wconf 89' lang='lat' dir='ltr'>praetermisi,</span> <span class='ocrx_word' id='word_1_258' title='bbox 793 4509 861 4573; x_wconf 90' lang='lat' dir='ltr'>eius</span> <span class='ocrx_word' id='word_1_259' title='bbox 891 4509 1116 4594; x_wconf 84' lang='lat' dir='ltr'>neglegentiae</span> <span class='ocrx_word' id='word_1_260' title='bbox 1147 4509 1293 4573; x_wconf 90' lang='lat' dir='ltr'>conscius</span> <span class='ocrx_word' id='word_1_261' title='bbox 1322 4509 1448 4573; x_wconf 90' lang='lat' dir='ltr'>veniam</span> <span class='ocrx_word' id='word_1_262' title='bbox 1476 4513 1560 4593; x_wconf 84' lang='lat' dir='ltr'>peto</span> 
     </span>
    </p>

    <p class='ocr_par' dir='ltr' id='par_1_5' title="bbox 286 4615 1560 5022">
     <span class='ocr_line' id='line_1_30' title="bbox 373 4615 1560 4703; baseline 0 -23"><span class='ocrx_word' id='word_1_263' title='bbox 373 4617 440 4680; x_wconf 81' lang='lat' dir='ltr'>Lib.</span> <span class='ocrx_word' id='word_1_264' title='bbox 461 4615 515 4680; x_wconf 90' lang='lat' dir='ltr'>VI.</span> <span class='ocrx_word' id='word_1_265' title='bbox 534 4639 568 4698; x_wconf 85' lang='lat' dir='ltr'>p.</span> <span class='ocrx_word' id='word_1_266' title='bbox 592 4618 626 4699; x_wconf 83' lang='lat'>8,</span> <span class='ocrx_word' id='word_1_267' title='bbox 646 4618 689 4680; x_wconf 76' lang='lat'>20</span> <span class='ocrx_word' id='word_1_268' title='bbox 717 4640 815 4701; x_wconf 88' lang='lat' dir='ltr'>quam</span> <span class='ocrx_word' id='word_1_269' title='bbox 840 4668 845 4679; x_wconf 95' lang='lat'><em>.</em></span> <span class='ocrx_word' id='word_1_270' title='bbox 866 4666 899 4703; x_wconf 92' lang='lat'>:·</span> <span class='ocrx_word' id='word_1_271' title='bbox 924 4617 1144 4681; x_wconf 88' lang='lat' dir='ltr'>condiderunt.</span> <span class='ocrx_word' id='word_1_272' title='bbox 1184 4622 1220 4680; x_wconf 90' lang='lat' dir='ltr'>ut</span> <span class='ocrx_word' id='word_1_273' title='bbox 1248 4638 1346 4699; x_wconf 88' lang='lat' dir='ltr'>supra</span> <span class='ocrx_word' id='word_1_274' title='bbox 1375 4618 1415 4680; x_wconf 93' lang='lat' dir='ltr'>ab</span> <span class='ocrx_word' id='word_1_275' title='bbox 1444 4617 1560 4698; x_wconf 91' lang='lat' dir='ltr'>insula,</span> 
     </span>
     <span class='ocr_line' id='line_1_31' title="bbox 286 4721 1559 4808; baseline 0.001 -23"><span class='ocrx_word' id='word_1_276' title='bbox 286 4744 369 4785; x_wconf 91' lang='lat' dir='ltr'>nunc</span> <span class='ocrx_word' id='word_1_277' title='bbox 389 4746 408 4785; x_wconf 92' lang='lat' dir='ltr'>a</span> <span class='ocrx_word' id='word_1_278' title='bbox 427 4723 557 4788; x_wconf 87' lang='lat' dir='ltr'>civitate</span> <span class='ocrx_word' id='word_1_279' title='bbox 577 4725 758 4788; x_wconf 87' lang='lat' dir='ltr'>nominavit</span> <span class='ocrx_word' id='word_1_280' title='bbox 775 4725 821 4788; x_wconf 83' lang='lat' dir='ltr'>uel</span> <span class='ocrx_word' id='word_1_281' title='bbox 839 4722 927 4786; x_wconf 87' lang='lat' dir='ltr'>dedit</span> <span class='ocrx_word' id='word_1_282' title='bbox 947 4723 1113 4807; x_wconf 90' lang='lat' dir='ltr'>epitheton</span> <span class='ocrx_word' id='word_1_283' title='bbox 1127 4723 1294 4788; x_wconf 80' lang='lat' dir='ltr'>Sclroellc&#39;us</span> <span class='ocrx_word' id='word_1_284' title='bbox 1311 4725 1321 4807; x_wconf 77' lang='lat' dir='ltr'>ss</span> <span class='ocrx_word' id='word_1_285' title='bbox 1333 4745 1366 4804; x_wconf 84' lang='lat' dir='ltr'>p.</span> <span class='ocrx_word' id='word_1_286' title='bbox 1382 4723 1411 4805; x_wconf 87' lang='lat'>9,</span> <span class='ocrx_word' id='word_1_287' title='bbox 1422 4724 1462 4786; x_wconf 80' lang='lat'>21</span> <span class='ocrx_word' id='word_1_288' title='bbox 1479 4721 1559 4808; x_wconf 91' lang='lat' dir='ltr'>Hip-</span> 
     </span>
     <span class='ocr_line' id='line_1_32' title="bbox 286 4827 1559 4915; baseline 0.002 -25"><span class='ocrx_word' id='word_1_289' title='bbox 286 4827 473 4911; x_wconf 88' lang='lat' dir='ltr'>pophorbas</span> <span class='ocrx_word' id='word_1_290' title='bbox 490 4831 616 4895; x_wconf 82' lang='lat' dir='ltr'>Aethlii</span> <span class='ocrx_word' id='word_1_291' title='bbox 634 4832 680 4895; x_wconf 83' lang='lat' dir='ltr'>uel</span> <span class='ocrx_word' id='word_1_292' title='bbox 698 4831 801 4914; x_wconf 80' lang='lat' dir='ltr'>Elati,</span> <span class='ocrx_word' id='word_1_293' title='bbox 824 4831 900 4894; x_wconf 89' lang='lat' dir='ltr'>Idas</span> <span class='ocrx_word' id='word_1_294' title='bbox 916 4829 1067 4915; x_wconf 86' lang='lat' dir='ltr'>Arcadis,</span> <span class='ocrx_word' id='word_1_295' title='bbox 1086 4830 1301 4895; x_wconf 82' lang='lat' dir='ltr'>Antimachus</span> <span class='ocrx_word' id='word_1_296' title='bbox 1315 4828 1473 4913; x_wconf 77' lang='lat' dir='ltr'>Euandri,</span> <span class='ocrx_word' id='word_1_297' title='bbox 1494 4829 1559 4893; x_wconf 92' lang='lat' dir='ltr'>Me-</span> 
     </span>
     <span class='ocr_line' id='line_1_33' title="bbox 286 4934 1558 5022; baseline 0.002 -24"><span class='ocrx_word' id='word_1_298' title='bbox 286 4939 394 4999; x_wconf 89' lang='lat' dir='ltr'>nestes</span> <span class='ocrx_word' id='word_1_299' title='bbox 419 4934 563 5002; x_wconf 81' lang='lat' dir='ltr'>Suniat-is</span> <span class='ocrx_word' id='word_1_300' title='bbox 586 4939 632 5004; x_wconf 86' lang='lat' dir='ltr'>vel</span> <span class='ocrx_word' id='word_1_301' title='bbox 655 4937 779 5022; x_wconf 83' lang='lat' dir='ltr'>Suniei,</span> <span class='ocrx_word' id='word_1_302' title='bbox 806 4937 944 5002; x_wconf 89' lang='lat' dir='ltr'>Pidocus</span> <span class='ocrx_word' id='word_1_303' title='bbox 969 4937 1199 5021; x_wconf 85' lang='lat' dir='ltr'>Rhamnuntis,</span> <span class='ocrx_word' id='word_1_304' title='bbox 1223 4936 1402 5002; x_wconf 87' lang='lat' dir='ltr'>Demoleon</span> <span class='ocrx_word' id='word_1_305' title='bbox 1426 4935 1558 5021; x_wconf 79' lang='lat' dir='ltr'>Cydami</span> 
     </span>
    </p>
   </div>
   <div class='ocr_carea' id='block_1_4' title="bbox 0 0 1722 5670">
    <p class='ocr_par' dir='ltr' id='par_1_6' title="bbox 0 0 1722 5670">
     <span class='ocr_line' id='line_1_34' title="bbox 0 0 1722 5670; baseline 0 1"><span class='ocrx_word' id='word_1_306' title='bbox 0 0 1722 5670; x_wconf 95' lang='lat' dir='ltr'> </span> 
     </span>
    </p>
   </div>
  </div>
 </body>
</html>
