3436 5670
730 463 942 521 earnrrrro.
1447 490 1474 535 v

197 646 306 695 τοισιν
329 626 608 713 depraedatori!
628 651 662 710 6.
682 629 813 712 229,16
839 629 921 693 61166
944 630 992 694 116
1014 629 1133 712 inquit:
1157 629 1266 713 imago
1290 631 1378 695 vocis
1403 652 1473 694 eva-

197 737 288 819 dens,
318 759 513 820 quamquam
537 735 658 800 relictis
684 737 832 820 collibus,
860 736 1024 800 inauditur
1047 735 1475 820 8616611166,6116666516

197 843 298 909 Servii
320 844 468 908 dubitatio
492 841 535 927 (si
559 842 645 906 enim
738 843 777 906 ab
797 841 950 927 Hercule)
973 844 1130 924 rcfntetnr.
1166 845 1221 909 snb
1244 845 1394 926 corruptis
1417 845 1473 908 alii

197 951 244 1014 ita
266 971 356 1032 posse
378 955 407 1014 et
429 951 603 1032 interpretis
624 971 735 1014 nomen
757 950 851 1014 latere
876 950 887 1033 ΙΙ
914 973 945 1032 6.
970 951 1049 1035 243,
1068 952 1088 1014 2
1118 951 1163 1015 616
1187 950 1340 1015 Deianira
1362 953 1443 1015 idem
1465 948 1474 1037 l

192 1079 224 1141 p.
245 1056 554 1141 2441511661661
575 1059 779 1122 corricctnram
802 1059 847 1122 ito
863 1059 993 1139 perfecit
1010 1057 1190 1137 8616611166,
1213 1064 1249 1122 61
1271 1059 1324 1122 hio
1342 1057 1473 1122 Faunus

197 1165 350 1229 habuisse
370 1165 471 1228 liliam
490 1163 606 1228 dicitur
621 1165 760 1230 Romam
784 1166 865 1228 mira
889 1166 1039 1229 castitate
1064 1169 1097 1228 et
1119 1164 1298 1248 disciplinis
1323 1166 1473 1229 omnibus

196 1271 356 1335 eruditam
374 1271 529 1336 scriberet:
548 1272 629 1353 66661
645 1273 828 1353 recepissem,
846 1273 874 1336 si
888 1273 1076 1355 Macrobius,
1094 1273 1148 1354 661
1166 1271 1261 1337 Sari
1278 1274 1328 1357 12,
1343 1273 1473 1337 21-29

196 1380 232 1443 de
245 1378 340 1442 Bono
354 1378 425 1442 Dea
443 1378 541 1441 66116
558 1379 699 1460 protntit,
719 1378 837 1442 Rornae
854 1399 964 1443 nornen
982 1385 1249 1445 commemorasset.
1273 1377 1473 1465 (61666666-

198 1487 253 1550 tim
273 1487 292 1565 §
312 1483 377 1568 27.)
401 1505 452 1567 666
477 1484 628 1548 eximiam
652 1485 801 1549 castitate
820 1505 1042 1568 proposueram
1060 1485 1070 1570 11
1082 1509 1115 1568 p.
1131 1488 1205 1568 247,
1221 1487 1261 1551 16
1285 1509 1336 1570 666
1359 1510 1374 1552 6
1399 1488 1472 1552 Var-

195 1614 268 1657 rone
291 1600 318 1657 d.
343 1593 360 1656 1.
386 1592 405 1655 1.
430 1590 459 1655 V
484 1592 527 1657 30
550 1591 654 1656 Varro
678 1590 821 1657 Tiberim
846 1615 865 1656 a
888 1592 1008 1656 Thebri
1037 1594 1175 1676 quodam
1199 1594 1317 1673 Tusco,
1345 1595 1400 1678 qui
1428 1595 1474 1658 ibi

196 1699 341 1784 perierit,
360 1699 481 1762 dictum
501 1698 602 1762 tradit
619 1700 814 1783 scripseram,
836 1701 888 1765 sed
904 1721 959 1765 sno
978 1703 1046 1764 inre
1064 1699 1231 1766 8616611166
1250 1703 1300 1765 661
1320 1725 1339 1766 6
1357 1704 1475 1792 66166Ι

195 1808 304 1871 netnit:
324 1808 419 1871 immo
438 1808 569 1871 alteram
589 1807 740 1872 Varronis
753 1809 789 1872 de
805 1808 923 1871 Tiberis
940 1809 1262 1873 nomine-memoriam
1280 1810 1475 1892 intercidisse,

195 1919 231 1978 nt
252 1915 456 1996 reponendam
479 1915 521 1978 sit
542 1914 593 1976 vel
617 1935 635 1976 a
659 1913 810 2004 Tiberino
835 1913 1027 1978 Latinorum
1051 1936 1138 1999 rege,
1164 1916 1219 2000 qui
1242 1916 1288 1980 ibi
1312 1916 1446 2000 perierit
1467 1913 1475 2001 11

190 2043 224 2103 p.
240 2022 314 2103 249,
329 2021 372 2084 20
396 2021 577 2105 adplicatur
595 2021 641 2084 661
660 2020 801 2104 adplicat
824 2024 861 2084 ut
880 2021 963 2105 quod
983 2020 1371 2106 8611661116611624924
1389 2023 1474 2106 quod

198 2133 247 2192 est
265 2129 386 2211 666166,
409 2149 487 2210 6666
505 2132 550 2192 est
567 2125 667 2191 ASF
687 2128 834 2192 librornm
857 2129 1020 2211 scriptino,
1038 2127 1139 2193 86611
1160 2151 1222 2194 esse
1244 2141 1341 2195 censet
1362 2132 1442 2194 idern
1466 2127 1475 2189 1

192 2256 224 2316 p.
239 2234 347 2309 2591
375 2256 411 2298 66
437 2234 521 2318 quod
542 2256 639 2318 capro
659 2235 757 2319 61111,
781 2256 863 2320 quae
888 2240 937 2298 661
960 2234 1068 2299 hostia
1086 2235 1193 2300 Liberi
1216 2237 1348 2320 propria
1367 2239 1447 2301 idem
1467 2237 1475 2323 1

190 2363 224 2423 p.
239 2342 313 2424 251,
331 2341 371 2405 15
395 2343 568 2426 quaesivit,
593 2364 634 2404 66
657 2341 832 2425 quoiquam
857 2342 986 2406 obviam
1010 2342 1148 2407 fuissent
1170 2344 1475 2428 616611625910

196 2448 472 2530 661666666661
494 2471 532 2511 ex
557 2470 593 2512 eo
618 2448 702 2532 quod
723 2470 790 2512 non
808 2449 954 2513 timuerit
976 2470 1056 2513 6666
1074 2471 1135 2514 csso
1147 2456 1242 2532 pntat
1259 2452 1352 2530 idern,
1375 2452 1475 2532 616666

196 2557 390 2620 aeternitatum
412 2557 518 2637 finiri:
541 2576 634 2637 6666
658 2557 885 2620 61161166116166
907 2558 1011 2638 recepi.
1044 2561 1115 2620 ante
1138 2579 1222 2621 nunc
1317 2557 1409 2621 venio
1434 2559 1476 2622 61

196 2683 232 2726 66
254 2663 729 2743 6666666666166166161666.
756 2664 767 2747 ΙΙ
792 2685 826 2745 p.
850 2663 962 2746 2095
988 2667 1019 2726 61
1051 2664 1225 2728 secundum
1249 2665 1389 2728 Plinium
1414 2717 1419 2730 .
1440 2715 1475 2729 ..
1563 2745 1566 2755 Ι

196 2769 301 2832 reddit
325 2769 448 2833 colores
473 2789 565 2834 enscr.
588 2769 736 2853 66111666.
760 2768 858 2854 1118,
880 2769 949 2853 1411
969 2791 1003 2851 p.
1027 2769 1101 2852 265,
1120 2769 1140 2835 5
1165 2770 1241 2854 quia
1264 2770 1386 2834 fulmen
1409 2794 1475 2836 non

197 2876 261 2940 nisi
284 2875 454 2940 trisulcum
479 2881 541 2940 est:
566 2879 622 2940 aut
645 2878 732 2941 enim
756 2878 900 2941 terebrat
923 2881 979 2941 aut
1003 2877 1145 2941 incendit
1165 2879 1356 2941 616611661
1379 2878 1472 2942 dissi-

196 2988 252 3066 pat
275 2983 495 3049 Schrneisserns
514 2985 532 3049 1.
549 2986 566 3049 1.
577 3006 610 3065 6.
625 2985 667 3048 27
686 2985 697 3068 ll
709 3006 742 3066 6.
757 2986 831 3068 267,
845 2985 865 3048 3
890 3002 1028 3050 acernis
1053 2985 1125 3049 citis
1145 2984 1311 3051 8616611166
1327 2985 1338 3068 ΙΙ
1353 3006 1384 3067 p.
1399 2986 1474 3070 273,

199 3091 296 3154 1016
325 3113 362 3156 66
391 3095 442 3155 661
471 3091 557 3154 enim
586 3113 747 3175 serenum,
776 3091 861 3175 quod
890 3114 944 3156 aer
973 3093 1116 3176 aperitur
1143 3093 1230 3156 idem.
1263 3092 1301 3172 ef.
1325 3091 1409 3157 Sero.
1433 3095 1476 3157 an

192 3218 291 3280 6666.
314 3197 442 3281 139311
461 3220 495 3280 p.
519 3200 593 3282 277,
613 3200 633 3262 2
657 3198 742 3283 quod
765 3199 955 3265 seelnscram.
992 3198 1173 3278 8616611166,
1197 3221 1268 3264 cum
1367 3203 1474 3264 osten·

196 3305 252 3368 dat
273 3306 371 3368 66661
392 3305 631 3388 reprehendunt
650 3306 824 3386 referantur
842 3307 1008 3371 cavendnm
1026 3327 1087 3371 esse
1104 3307 1292 3390 1616066666,
1315 3311 1372 3371 661
1389 3307 1474 3390 quod

194 3413 392 3496 serrandum,
415 3413 990 3478 661666661166166666666611
1013 3414 1024 3497 11
1045 3436 1078 3496 6.
1102 3416 1176 3498 277,
1202 3415 1242 3478 18
1270 3414 1475 3478 7166666666

194 3519 388 3600 interpretem
410 3519 464 3584 166
485 3520 614 3584 andnima
637 3519 898 3585 66618616611166
922 3520 1035 3584 deinde
1058 3522 1143 3585 infra
1167 3521 1255 3584 dedit
1277 3524 1473 3604 potestatem

196 3625 390 3690 obtinendae
413 3627 599 3711 provinciae
623 3625 704 3710 ‘ipse
729 3630 883 3692 oratores
896 3649 919 3692 e.
933 3649 961 3709 6.
975 3648 999 3692 6.
1017 3628 1028 3710 ΙΙ
1040 3649 1073 3710 p.
1092 3628 1168 3708 291,
1183 3628 1225 3690 22
1248 3650 1289 3691 ne
1313 3627 1474 3692 6661116116

195 3732 316 3796 famam
336 3733 497 3797 6661116116
518 3756 636 3817 amore,
649 3735 859 3800 Florineensis
872 3736 1065 3817 scriptnram,
1079 3735 1218 3816 praefert
1231 3736 1310 3799 idem
1328 3735 1339 3818 11
1350 3757 1384 3818 p.
1400 3736 1475 3820 295,

197 3841 238 3904 12
262 3841 354 3925 virga
378 3841 492 3925 rigatis
516 3842 669 3923 16166116.
689 3842 763 3926 300,
782 3844 804 3905 4
828 3843 868 3907 ab
894 3838 1132 3929 6666656616
1156 3844 1265 3926 66616,
1289 3842 1322 3906 id
1346 3843 1475 3926 estqui

196 3969 215 4009 a
238 3947 373 4029 pedibus
396 3948 541 4012 nascitur
563 3948 672 4033 1616611
692 3970 725 4030 6.
745 3950 819 4033 303,
842 3951 880 4014 18
906 3951 998 4013 61661
1020 3951 1128 4033 616666
1153 3949 1361 4033 Cleopatram
1386 3952 1474 4015 idem.

283 4055 352 4119 Lib.
366 4054 420 4119 IX.
434 4077 468 4137 p.
483 4055 592 4132 309,3
617 4056 791 4119 secundum
815 4056 993 4121 Hesiodum
1018 4061 1147 4140 poetam
1171 4056 1383 4121 Thaumantis
1406 4058 1474 4121 filia

195 4161 364 4226 8616611166
390 4163 400 4244 11
426 4183 459 4244 6.
484 4162 548 4226 312
572 4162 652 4226 inter
681 4163 856 4227 seeundum
879 4169 908 4228 et
929 4163 1089 4228 Melonem
1113 4166 1264 4246 6666166
1287 4165 1475 4229 intercidisse

195 4274 292 4333 censet
309 4269 403 4352 idem,
422 4269 514 4332 oelnti
532 4268 604 4333 baec
623 4269 795 4334 secundum
816 4271 898 4334 alios
917 4273 1030 4355 tribus,
1050 4268 1102 4355 (ef.
1116 4273 1224 4336 danda
1243 4271 1298 4354 qui
1315 4276 1426 4335 tamen
1441 4275 1473 4335 61

195 4374 264 4458 1666
283 4398 306 4440 6.
320 4397 347 4457 6.
362 4373 402 4461 6.)
422 4376 596 4440 secundum
611 4377 774 4440 Titianum
794 4381 882 4442 octo:
906 4384 938 4441 et
952 4378 1061 4462 Nilus,
1080 4401 1175 4463 quem
1194 4378 1294 4442 latine
1314 4378 1472 4443 dicebant.
1576 4364 1582 4378 ⁸

197 4502 272 4545 nam
290 4483 410 4547 Melam
434 4483 527 4547 16166
543 4484 598 4548 snb
614 4481 800 4567 ‘Melonem',
823 4486 929 4549 maltis
952 4487 987 4548 ric
1010 4486 1111 4550 causis
1129 4506 1192 4549 non
1206 4506 1295 4567 posse
1309 4486 1445 4566 probari.
1471 4483 1473 4517 l

190 4610 224 4669 p.
248 4589 325 4670 318,
350 4591 393 4653 24
415 4590 549 4654 verbum
574 4590 612 4654 de
637 4590 763 4675 origine
787 4612 859 4653 cum
882 4596 974 4655 motu
997 4593 1077 4656 idern
1108 4592 1119 4675 ΙΙ
1144 4614 1177 4673 6.
1201 4593 1279 4671 323,
1304 4594 1344 4657 27
1370 4615 1473 4676 mane,

197 4695 350 4779 quoniam
374 4696 437 4760 diei
460 4697 522 4761 hoc
541 4698 714 4780 optimum,
738 4696 823 4780 quod
843 4697 1040 4762 matutinum
1063 4701 1152 4764 idem.
1175 4701 1214 4779 611
1228 4701 1271 4764 661
1284 4698 1392 4765 Aenl
1409 4700 1472 4764 139

194 4808 223 4866 61
251 4802 350 4867 Varro
373 4805 401 4868 d.
425 4804 444 4868 1.
468 4804 486 4867 1.
511 4803 610 4867 1114.
640 4804 705 4868 diei
727 4805 824 4886 recepi
850 4805 861 4887 11
882 4826 916 4886 p.
940 4805 1014 4889 335,
1034 4807 1078 4872 30
1101 4807 1232 4890 6666616
1255 4806 1341 4870 enim
1366 4805 1473 4889 ‘super

195 4908 260 4973 his'
285 4907 355 4993 ‘pro
378 4909 441 4974 his'
465 4910 629 4998 significat
651 4910 1013 4978 86166111666661.866.
1031 4915 1073 4979 od
1090 4912 1310 4979 1166117233
1328 4914 1339 4998 ΙΙ
1350 4934 1383 4997 6.
1398 4914 1473 4998 338,
