3436 5670
90 380 103 402 ὅ
130 464 132 468 “
239 453 305 517 330
767 433 773 443 '
817 449 936 504 snnvn

239 637 273 681 es
296 616 462 680 alaonis?
546 641 708 680 1111111111
729 640 825 681 omno
843 613 897 680 leoe
918 613 1005 678 oculo
1028 613 1158 678 ostendit
1180 613 1254 677 olim
1275 618 1304 678 ot
1325 614 1411 695 apned
1432 633 1514 694 repes

238 724 462 787 admissionum
482 721 581 801 seinse
603 722 748 803 officium.

296 860 299 866 ·
328 829 402 893 230.
439 845 510 891 nnn
533 832 683 892 uuonan
706 844 934 905 rnamvnova
958 845 1079 892 nonna
1103 845 1193 892 roas
1221 827 1370 892 dicebant
1398 848 1431 890 se
1461 825 1513 889 ad-

239 936 323 1000 ferre
346 957 413 999 rem
439 955 604 1019 magnam,
629 935 719 998 euius
743 956 834 999 mora
857 935 997 1018 pretium
1020 937 1130 1017 posset
1149 933 1286 1017 adferre,
1309 933 1342 997 id
1366 935 1416 997 est
1437 952 1515 1015 poe-

205 1054 329 1107 snam:
358 1039 528 1106 Terentius
552 1062 621 1125 ego
644 1042 811 1124 pretium
835 1040 881 1104 ob
906 1039 1121 1104 stultitiam
1145 1040 1241 1105 fero:
1264 1046 1302 1104 ut
1325 1039 1369 1104 sit
1392 1059 1515 1120 sensus,

241 1149 268 1212 si
291 1148 414 1212 tardius
442 1147 610 1211 mittamus
639 1146 679 1236 ad
702 1145 849 1229 Aenean,
877 1147 1003 1210 luemus
1031 1146 1180 1210 hostibus
1208 1168 1339 1230 poenas.
1384 1144 1440 1209 alii
1469 1144 1515 1208 sio

240 1255 448 1339 intellegunt:
467 1254 587 1318 scimus
607 1252 735 1336 quidem
755 1246 929 1317 adventum
947 1256 1097 1317 nostrum
1116 1275 1241 1317 moram
1260 1253 1375 1317 vestris
1391 1250 1515 1316 adferre

240 1362 398 1445 consiliis,
422 1381 534 1425 verum
552 1359 647 1424 huius
666 1381 776 1424 morae
796 1360 858 1423 erit
876 1360 1030 1443 pretium,
1051 1360 1084 1423 id
1103 1363 1153 1424 est
1171 1360 1401 1424 remuneratio:
1425 1380 1514 1422 nam·

240 1490 302 1553 que
325 1468 387 1532 hoc
410 1467 591 1531 offerebant
619 1465 704 1549 quod
732 1463 782 1527 illi
811 1464 1013 1548 cogitabant,
1039 1467 1076 1527 ut
1104 1464 1242 1528 diximus
1266 1486 1365 1548 supra
1388 1463 1516 1547 ‘quisve

189 1589 221 1637 10
241 1575 370 1640 Aeneae
399 1574 463 1637 iam
486 1572 618 1639 nuntius
642 1569 764 1635 esset’?
809 1571 869 1635 olii
894 1572 992 1636 deesse
1012 1575 1129 1653 putant
1151 1569 1392 1654 ‘adfirmantes’,
1419 1575 1455 1634 ut
1475 1571 1518 1635 sit

239 1703 357 1760 sensas,
380 1682 582 1763 adfirmantes
604 1699 669 1743 uem
687 1699 833 1761 maumam
854 1678 998 1758 futuram
1016 1683 1044 1742 et
1061 1680 1193 1743 multam
1211 1679 1281 1743 illos
1299 1683 1517 1756 consecuturos,

240 1791 269 1855 si
291 1789 438 1855 audiendi
460 1809 491 1853 se
513 1807 633 1851 uooram
650 1785 856 1868 pertulissmt.
893 1785 964 1868 olii,
987 1786 1041 1867 qui
1058 1787 1194 1867 pretinm
1210 1807 1272 1867 pro
1289 1807 1393 1867 poena
1412 1787 1518 1850 dionunt

236 1897 386 1979 positum,
414 1896 460 1959 ito
487 1895 627 1970 traduat,
655 1911 704 1957 eos
730 1892 841 1957 anaios
870 1896 933 1954 tam
960 1891 1015 1956 diu
1042 1911 1133 1974 snper
1155 1893 1243 1957 rebus
1265 1893 1366 1958 dubiis
1386 1893 1518 1976 futuros,

241 2023 335 2084 qaam
357 2002 413 2066 diu
434 2021 466 2066 se
488 2021 551 2064 non
574 2000 758 2064 admiserint
779 1999 822 2063 ad
843 1999 1034 2080 loquendam.

191 2122 222 2170 rs
331 2107 405 2172 231.
442 2123 590 2172 neonem
610 2122 782 2170 unanimos
805 2105 955 2188 festinos,
974 2126 1063 2170 more
1083 2128 1150 2171 suo.
1182 2127 1250 2189 enyo
1266 2127 1322 2188 per
1340 2106 1518 2187 metalepsin

242 2215 366 2297 cupidos
388 2215 470 2280 didit
488 2209 718 2297 ἀγωνιῶντας
741 2234 804 2278 nou
826 2214 908 2277 euim
929 2232 1091 2294 possumus
1114 2213 1250 2277 timentes
1268 2214 1415 2297 accipere,
1437 2215 1520 2295 quod

240 2322 438 2402 festinabant.

332 2428 407 2493 233.
444 2445 538 2492 nava
558 2443 652 2491 nnnc
670 2443 816 2491 uosmus
835 2442 1060 2492 sraonnurvn
1080 2443 1126 2490 Aa
1145 2443 1250 2492 Annis
1275 2428 1354 2491 bene
1379 2432 1520 2512 excusat,

244 2536 321 2620 quia
344 2535 405 2599 soit
428 2534 467 2597 de
492 2536 598 2598 aetate
621 2555 794 2618 puerorum
816 2554 914 2616 posse
938 2533 1093 2618 dubitari,
1119 2533 1227 2599 dicens
1251 2555 1318 2599 non
1342 2556 1380 2598 ex
1403 2554 1518 2619 sugge-

191 2658 225 2703 no
244 2646 370 2706 rentum
392 2662 543 2725 persona,
567 2642 600 2705 in
618 2662 681 2722 qua
698 2645 741 2706 est
759 2642 860 2705 maior
877 2643 1057 2720 auctoritas,
1081 2641 1137 2705 sed
1156 2663 1215 2704 sua
1234 2641 1266 2705 vi
1285 2641 1422 2707 consilia
1439 2663 1518 2725 pon·

245 2749 393 2813 deranda.
435 2746 633 2831 ‘spectantur'
658 2752 760 2811 anetem
783 2749 987 2812 aestimentur.

333 2855 407 2919 234.
444 2879 557 2919 nurum
572 2879 667 2919 sonno
690 2878 814 2927 urnooun
831 2880 957 2920 sarnum
972 2856 1087 2920 occasio
1099 2856 1192 2937 prius
1209 2852 1374 2933 inauratur,
1392 2857 1436 2920 sie
1453 2877 1518 2921 eon·

244 2961 365 3044 sitirem,
387 2964 423 3024 ut
443 2960 611 3025 neoasario
634 2961 677 3024 ad
697 2961 733 3024 id
753 2961 834 3042 qnod
854 2962 993 3041 nuntiat,
1015 2962 1124 3026 ueniat.

334 3066 408 3131 235.
445 3092 543 3131 secun
562 3092 685 3132 susiana
707 3092 905 3132 consonamus
924 3093 983 3132 resi
1004 3070 1078 3134 ordo
1101 3074 1144 3152 est
1165 3067 1280 3133 ‘lomlm
1302 3072 1521 3155 consuedinem,

554 3173 564 3200 2
611 3172 635 3201 Γ
678 3173 699 3200 ⁸9

193 3189 226 3236 aa
245 3176 299 3256 qai
322 3175 445 3238 insidiis
462 3180 575 3256 patet.
622 3196 683 3256 epse
723 3177 825 3237 autem
843 3176 886 3239 ad
905 3176 997 3257 fidem
1014 3177 1163 3257 pertinet:
1186 3176 1240 3256 qai
1262 3176 1344 3239 enim
1366 3197 1431 3240 rem
1454 3182 1520 3242 tou-
1616 3221 1619 3226 -

247 3286 310 3344 utun
337 3282 475 3365 nuntiat,
507 3282 589 3346 delet
615 3283 709 3364 duma
735 3283 916 3347 anctoritate
942 3283 1124 3348 eorrmndene.
1169 3287 1198 3346 et
1223 3284 1427 3349 communicat
1452 3306 1521 3350 mem

245 3389 325 3453 soeio
347 3389 429 3468 qnod
449 3389 532 3453 solus
555 3390 716 3470 eonspeuit.

317 3621 333 3669 5
354 3616 513 3687 Terentius]
533 3617 617 3670 Andr.
637 3617 676 3670 ΙΙΙ
696 3623 721 3685 5,
740 3623 765 3671 4.
794 3618 828 3673 cf.
847 3618 917 3673 Don.
937 3618 1065 3672 adhunc
1084 3635 1153 3673 vers.

320 3837 334 3884 1
354 3832 390 3884 ad
404 3848 618 3885 numisianae.
638 3832 691 3884 hoc
706 3831 791 3885 uerbo
807 3829 930 3885 ostendit
948 3831 1022 3899 apud
1036 3848 1116 3902 reges
1138 3831 1313 3886 admissionis
1332 3834 1455 3888 officium
1472 3837 1496 3887 Τ
1514 3837 1523 3905 11

247 3920 377 3955 summan
392 3901 422 3953 F
434 3903 442 3971 11
457 3909 472 3954 2
492 3900 676 3955 admisionum
691 3901 722 3954 F
732 3904 742 3969 11
763 3909 779 3955 5
799 3918 851 3971 ego
866 3902 974 3955 ASM:
995 3918 1061 3970 ergo
1080 3904 1179 3971 reliqui
1191 3905 1201 3974 11
1214 3903 1315 3972 pitium
1333 3905 1366 3957 Π
1377 3906 1436 3973 1101)
1456 3908 1522 3959 stul-

248 3973 353 4039 titiam]
372 3989 423 4040 pro
443 3971 565 4025 stultitia
582 3971 610 4025 R
638 3973 673 4025 ab
693 3973 846 4027 stulticiam
865 3973 891 4025 L
919 3973 1056 4027 obstaculi
1073 3975 1160 4044 1116
1179 3974 1324 4028 mittamus
1338 3976 1438 4029 ASF:
1459 3976 1522 4029 mit·

248 4048 341 4098 tamur
359 4043 457 4097 RLH
461 4043 497 4095 Μ
511 4044 520 4113 11
544 4048 559 4096 8
580 4045 776 4097 rememuratio
795 4045 821 4096 L
841 4046 850 4114 11
876 4051 907 4098 10
925 4060 946 4098 s.
965 4060 988 4098 o.
1009 4049 1061 4098 230
1080 4047 1194 4114 quidam
1214 4049 1315 4115 putant
1334 4047 1429 4100 deesse
1449 4048 1522 4099 affir-

249 4117 357 4168 mantes
381 4117 413 4168 ut
438 4114 475 4167 sit
498 4130 593 4167 sensus
619 4113 791 4169 affirmantes
815 4133 873 4168 rem
897 4131 1027 4184 magnam
1046 4134 1072 4184 p.
1093 4136 1129 4173 m.
1149 4118 1167 4171 f.
1190 4117 1215 4171 T
1235 4120 1245 4186 11
1272 4117 1444 4171 adfirmantis
1464 4118 1494 4169 F
1514 4118 1522 4186 11

251 4192 282 4238 11
302 4186 423 4239 multum
437 4184 552 4238 Daniel:
571 4185 675 4238 multos
690 4186 720 4238 F
731 4188 741 4256 11
760 4192 793 4240 15
813 4185 989 4240 metalemsin
1005 4185 1035 4240 F
1046 4189 1056 4258 11
1078 4195 1110 4242 16
1129 4183 1310 4257 ἀγωνιῶντας
1328 4189 1439 4255 scripsi:
1459 4208 1522 4242 uro-

248 4274 360 4310 mourut
379 4256 410 4310 F
440 4252 624 4317 οἷτονιοῦννας
647 4257 750 4311 Daniel
782 4254 963 4325 ἀποροῦντας
987 4258 1166 4314 Coniunelinns
1188 4263 1198 4327 11
1224 4275 1336 4327 possum
1362 4259 1392 4311 F
1412 4261 1421 4327 11
1449 4261 1523 4326 quod

249 4328 364 4382 Daniel:
390 4327 457 4396 quid
476 4327 511 4381 F.
541 4347 578 4383 on
597 4328 662 4397 qui?
685 4330 695 4396 11
724 4334 756 4382 18
775 4329 952 4400 1111111111]
978 4349 1056 4383 assur
1076 4330 1207 4384 ASHM
1226 4333 1236 4399 11
1265 4336 1297 4383 19
1317 4330 1444 4383 dubitare
1464 4331 1495 4383 F
1515 4333 1523 4402 11

250 4405 283 4452 21
303 4401 340 4454 ad
359 4419 520 4454 srucrrnrvn
538 4417 558 4454 s.
578 4418 602 4455 u.
623 4399 806 4456 aestimentur
827 4400 873 4469 Τ1Ι
887 4405 920 4454 22
940 4403 977 4455 ad
995 4420 1091 4455 nvrvm
1110 4420 1130 4455 s.
1150 4421 1175 4454 v.
1196 4419 1216 4453 s.
1232 4417 1252 4453 s.
1272 4418 1296 4454 o.
1317 4417 1436 4469 congrue
1455 4403 1524 4456 dicit

250 4471 316 4536 quia
333 4470 411 4538 prius
431 4488 515 4525 eausa
533 4475 661 4526 narratur
680 4473 780 4526 deinde
800 4471 947 4525 eonsilium
967 4513 1018 4526 ...
1037 4472 1134 4525 ueniat
1155 4472 1307 4540 Flavum
1326 4474 1351 4525 G
1365 4474 1373 4542 11
1392 4473 1522 4528 hoccasio

250 4541 301 4611 Fll
316 4541 368 4612 sic]
389 4559 472 4610 quam
489 4543 643 4596 Masoieias
657 4545 666 4612 11
681 4550 714 4597 23
733 4544 769 4598 ad
788 4542 830 4613 id]
851 4543 975 4612 aditFll
989 4548 1023 4596 24
1042 4543 1078 4595 od
1096 4560 1185 4595 rocvn
1203 4561 1220 4595 1.
1237 4561 1259 4595 c.
1276 4563 1293 4596 1.
1314 4561 1334 4597 s.
1349 4561 1373 4598 u.
1394 4545 1460 4599 ordo
1480 4549 1524 4599 est

249 4613 343 4666 locum
362 4611 555 4680 conspeximus
574 4612 628 4681 ipsi
646 4613 676 4666 in
693 4613 771 4669 biuio
791 4614 840 4684 qui
857 4616 937 4684 patet
955 4612 1072 4667 insidiis.
1100 4616 1129 4666 et
1145 4615 1219 4680 quod
1234 4613 1303 4669 dicit
1317 4613 1371 4684 ipsi
1386 4617 1420 4669 ad
1440 4616 1523 4671 fidem

250 4682 374 4748 pertinet
395 4684 444 4752 Τ11
466 4689 499 4736 25
520 4699 572 4751 que
592 4682 623 4735 F
640 4686 699 4751 (qui
719 4686 755 4754 G)
776 4689 785 4756 11
809 4692 843 4739 26
862 4684 973 4740 nuntiet
990 4683 1021 4736 F
1038 4685 1048 4751 1
1070 4683 1269 4739 auctoritatem
1288 4686 1319 4738 F
1335 4689 1343 4756 11
1366 4705 1428 4741 cum
1448 4688 1523 4741 socio

249 4754 360 4821 scripsi:
381 4753 500 4808 cumscio
515 4752 546 4806 F
571 4753 681 4807 conscio
696 4755 807 4811 Daniel.
837 4774 899 4811 curn
919 4753 1007 4808 inscio
1022 4752 1058 4808 F.
1069 4754 1225 4812 Selloellias.
1253 4761 1386 4813 sententia
1400 4765 1451 4813 est:
1469 4760 1522 4812 Ni-

250 4838 297 4876 sas
316 4826 388 4890 quod
405 4827 478 4878 solus
496 4825 635 4893 eonspeait
653 4824 813 4895 Euryalum
830 4843 933 4895 qnoque
952 4826 1120 4893 conspexisse
1138 4828 1212 4882 dicit.
1237 4830 1272 4896 es.
1290 4847 1314 4884 o.
1336 4837 1385 4886 193
1408 4831 1523 4886 ‘tumulo

251 4894 344 4948 uideor
362 4896 479 4962 reperire
496 4896 545 4948 sub
564 4897 612 4949 illo
629 4910 706 4963 posse
724 4897 807 4951 oiam'
829 4903 853 4952 et
872 4898 946 4952 Sero.
966 4896 1003 4950 ad
1021 4913 1045 4950 o.
1065 4903 1115 4950 243

540 5050 570 5149 9
